[
  {
    "X": -8286952.4003,
    "Y": 4938582.2461,
    "FID": 493,
    "OBJECTID": 493,
    "RANK": 35,
    "NAME": "JOHNSON & JOHNSON",
    "ADDRESS": "1 JOHNSON AND JOHNSON PLAZA",
    "ADDRESS2": "NOT AVAILABLE",
    "CITY": "NEW BRUNSWICK",
    "STATE": "NJ",
    "ZIP": "08933",
    "COUNTY": "MIDDLESEX",
    "EMPLOYEES": 126400,
    "REVENUES": 71890,
    "LATITUDE": 40.498,
    "LONGITUDE": -74.443,
    "SOURCE": "MANUAL",
    "PRC": "ON-ENTITY",
    "COUNTYFIPS": "34023",
    "COMMENTS": "NOT AVAILABLE",
    "WEBSITE": "HTTPS://WWW.JNJ.COM/",
    "PROFIT": 16540,
    "deal_amount": 855987,
    "rep_id": 1,
    "rep_name": "Annie Lindqvist",
    "date": "2020-02-19",
    "client_name": "JOHNSON & JOHNSON",
    "city": "NEW BRUNSWICK",
    "color": "#8DD3C7",
    "is_closed": 0
  },
  {
    "X": -13595427.1467,
    "Y": 6047179.531,
    "FID": 234,
    "OBJECTID": 234,
    "RANK": 28,
    "NAME": "MICROSOFT",
    "ADDRESS": "1 MICROSOFT WAY",
    "ADDRESS2": "NOT AVAILABLE",
    "CITY": "REDMOND",
    "STATE": "WA",
    "ZIP": "98052",
    "COUNTY": "KING",
    "EMPLOYEES": 114000,
    "REVENUES": 85320,
    "LATITUDE": 47.6401,
    "LONGITUDE": -122.1298,
    "SOURCE": "BING MAPS",
    "PRC": "ADDRESS",
    "COUNTYFIPS": "53033",
    "COMMENTS": "NOT AVAILABLE",
    "WEBSITE": "HTTPS://WWW.MICROSOFT.COM/EN-US/",
    "PROFIT": 16798,
    "deal_amount": 753174,
    "rep_id": 1,
    "rep_name": "Annie Lindqvist",
    "date": "2020-08-18",
    "client_name": "MICROSOFT",
    "city": "REDMOND",
    "color": "#8DD3C7",
    "is_closed": 1
  },
  {
    "X": -13625772.8399,
    "Y": 4550281.1327,
    "FID": 425,
    "OBJECTID": 425,
    "RANK": 25,
    "NAME": "WELLS FARGO",
    "ADDRESS": "420 MONTGOMERY STREET",
    "ADDRESS2": "NOT AVAILABLE",
    "CITY": "SAN FRANCISCO",
    "STATE": "CA",
    "ZIP": "94163",
    "COUNTY": "SAN FRANCISCO",
    "EMPLOYEES": 269100,
    "REVENUES": 94176,
    "LATITUDE": 37.7934,
    "LONGITUDE": -122.4024,
    "SOURCE": "BING MAPS",
    "PRC": "ADDRESS",
    "COUNTYFIPS": "06075",
    "COMMENTS": "NOT AVAILABLE",
    "WEBSITE": "HTTPS://WWW.WELLSFARGO.COM/",
    "PROFIT": 21938,
    "deal_amount": 702208,
    "rep_id": 1,
    "rep_name": "Annie Lindqvist",
    "date": "2020-10-14",
    "client_name": "WELLS FARGO",
    "city": "SAN FRANCISCO",
    "color": "#8DD3C7",
    "is_closed": 0
  },
  {
    "X": -13595427.1467,
    "Y": 6047179.531,
    "FID": 234,
    "OBJECTID": 234,
    "RANK": 28,
    "NAME": "MICROSOFT",
    "ADDRESS": "1 MICROSOFT WAY",
    "ADDRESS2": "NOT AVAILABLE",
    "CITY": "REDMOND",
    "STATE": "WA",
    "ZIP": "98052",
    "COUNTY": "KING",
    "EMPLOYEES": 114000,
    "REVENUES": 85320,
    "LATITUDE": 47.6401,
    "LONGITUDE": -122.1298,
    "SOURCE": "BING MAPS",
    "PRC": "ADDRESS",
    "COUNTYFIPS": "53033",
    "COMMENTS": "NOT AVAILABLE",
    "WEBSITE": "HTTPS://WWW.MICROSOFT.COM/EN-US/",
    "PROFIT": 16798,
    "deal_amount": 590190,
    "rep_id": 1,
    "rep_name": "Annie Lindqvist",
    "date": "2020-02-23",
    "client_name": "MICROSOFT",
    "city": "REDMOND",
    "color": "#8DD3C7",
    "is_closed": 0
  },
  {
    "X": -8286952.4003,
    "Y": 4938582.2461,
    "FID": 493,
    "OBJECTID": 493,
    "RANK": 35,
    "NAME": "JOHNSON & JOHNSON",
    "ADDRESS": "1 JOHNSON AND JOHNSON PLAZA",
    "ADDRESS2": "NOT AVAILABLE",
    "CITY": "NEW BRUNSWICK",
    "STATE": "NJ",
    "ZIP": "08933",
    "COUNTY": "MIDDLESEX",
    "EMPLOYEES": 126400,
    "REVENUES": 71890,
    "LATITUDE": 40.498,
    "LONGITUDE": -74.443,
    "SOURCE": "MANUAL",
    "PRC": "ON-ENTITY",
    "COUNTYFIPS": "34023",
    "COMMENTS": "NOT AVAILABLE",
    "WEBSITE": "HTTPS://WWW.JNJ.COM/",
    "PROFIT": 16540,
    "deal_amount": 405443,
    "rep_id": 1,
    "rep_name": "Annie Lindqvist",
    "date": "2020-10-12",
    "client_name": "JOHNSON & JOHNSON",
    "city": "NEW BRUNSWICK",
    "color": "#8DD3C7",
    "is_closed": 0
  },
  {
    "X": -8234969.5377,
    "Y": 4976415.1246,
    "FID": 333,
    "OBJECTID": 333,
    "RANK": 21,
    "NAME": "J.P. MORGAN CHASE",
    "ADDRESS": "270 PARK AVENUE",
    "ADDRESS2": "NOT AVAILABLE",
    "CITY": "NEW YORK",
    "STATE": "NY",
    "ZIP": "10017",
    "COUNTY": "NEW YORK",
    "EMPLOYEES": 243355,
    "REVENUES": 105486,
    "LATITUDE": 40.756,
    "LONGITUDE": -73.976,
    "SOURCE": "BING MAPS",
    "PRC": "ADDRESS",
    "COUNTYFIPS": "36061",
    "COMMENTS": "NOT AVAILABLE",
    "WEBSITE": "HTTPS://WWW.JPMORGANCHASE.COM/",
    "PROFIT": 24733,
    "deal_amount": 714723,
    "rep_id": 1,
    "rep_name": "Annie Lindqvist",
    "date": "2020-10-18",
    "client_name": "J.P. MORGAN CHASE",
    "city": "NEW YORK",
    "color": "#8DD3C7",
    "is_closed": 0
  },
  {
    "X": -8286952.4003,
    "Y": 4938582.2461,
    "FID": 493,
    "OBJECTID": 493,
    "RANK": 35,
    "NAME": "JOHNSON & JOHNSON",
    "ADDRESS": "1 JOHNSON AND JOHNSON PLAZA",
    "ADDRESS2": "NOT AVAILABLE",
    "CITY": "NEW BRUNSWICK",
    "STATE": "NJ",
    "ZIP": "08933",
    "COUNTY": "MIDDLESEX",
    "EMPLOYEES": 126400,
    "REVENUES": 71890,
    "LATITUDE": 40.498,
    "LONGITUDE": -74.443,
    "SOURCE": "MANUAL",
    "PRC": "ON-ENTITY",
    "COUNTYFIPS": "34023",
    "COMMENTS": "NOT AVAILABLE",
    "WEBSITE": "HTTPS://WWW.JNJ.COM/",
    "PROFIT": 16540,
    "deal_amount": 455713,
    "rep_id": 1,
    "rep_name": "Annie Lindqvist",
    "date": "2020-11-22",
    "client_name": "JOHNSON & JOHNSON",
    "city": "NEW BRUNSWICK",
    "color": "#8DD3C7",
    "is_closed": 0
  },
  {
    "X": -8999298.0671,
    "Y": 4194777.9377,
    "FID": 284,
    "OBJECTID": 284,
    "RANK": 26,
    "NAME": "BANK OF AMERICA CORP.",
    "ADDRESS": "100 NORTH TRYON STREET",
    "ADDRESS2": "NOT AVAILABLE",
    "CITY": "CHARLOTTE",
    "STATE": "NC",
    "ZIP": "28255",
    "COUNTY": "MECKLENBURG",
    "EMPLOYEES": 208024,
    "REVENUES": 93662,
    "LATITUDE": 35.227,
    "LONGITUDE": -80.8421,
    "SOURCE": "BING MAPS",
    "PRC": "ADDRESS",
    "COUNTYFIPS": "37119",
    "COMMENTS": "NOT AVAILABLE",
    "WEBSITE": "HTTPS://WWW.BANKOFAMERICA.COM/",
    "PROFIT": 17906,
    "deal_amount": 809742,
    "rep_id": 1,
    "rep_name": "Annie Lindqvist",
    "date": "2020-05-08",
    "client_name": "BANK OF AMERICA CORP.",
    "city": "CHARLOTTE",
    "color": "#8DD3C7",
    "is_closed": 1
  },
  {
    "X": -8234969.5377,
    "Y": 4976415.1246,
    "FID": 333,
    "OBJECTID": 333,
    "RANK": 21,
    "NAME": "J.P. MORGAN CHASE",
    "ADDRESS": "270 PARK AVENUE",
    "ADDRESS2": "NOT AVAILABLE",
    "CITY": "NEW YORK",
    "STATE": "NY",
    "ZIP": "10017",
    "COUNTY": "NEW YORK",
    "EMPLOYEES": 243355,
    "REVENUES": 105486,
    "LATITUDE": 40.756,
    "LONGITUDE": -73.976,
    "SOURCE": "BING MAPS",
    "PRC": "ADDRESS",
    "COUNTYFIPS": "36061",
    "COMMENTS": "NOT AVAILABLE",
    "WEBSITE": "HTTPS://WWW.JPMORGANCHASE.COM/",
    "PROFIT": 24733,
    "deal_amount": 774241,
    "rep_id": 1,
    "rep_name": "Annie Lindqvist",
    "date": "2020-10-11",
    "client_name": "J.P. MORGAN CHASE",
    "city": "NEW YORK",
    "color": "#8DD3C7",
    "is_closed": 0
  },
  {
    "X": -8999298.0671,
    "Y": 4194777.9377,
    "FID": 284,
    "OBJECTID": 284,
    "RANK": 26,
    "NAME": "BANK OF AMERICA CORP.",
    "ADDRESS": "100 NORTH TRYON STREET",
    "ADDRESS2": "NOT AVAILABLE",
    "CITY": "CHARLOTTE",
    "STATE": "NC",
    "ZIP": "28255",
    "COUNTY": "MECKLENBURG",
    "EMPLOYEES": 208024,
    "REVENUES": 93662,
    "LATITUDE": 35.227,
    "LONGITUDE": -80.8421,
    "SOURCE": "BING MAPS",
    "PRC": "ADDRESS",
    "COUNTYFIPS": "37119",
    "COMMENTS": "NOT AVAILABLE",
    "WEBSITE": "HTTPS://WWW.BANKOFAMERICA.COM/",
    "PROFIT": 17906,
    "deal_amount": 678427,
    "rep_id": 1,
    "rep_name": "Annie Lindqvist",
    "date": "2020-04-22",
    "client_name": "BANK OF AMERICA CORP.",
    "city": "CHARLOTTE",
    "color": "#8DD3C7",
    "is_closed": 0
  },
  {
    "X": -13625772.8399,
    "Y": 4550281.1327,
    "FID": 425,
    "OBJECTID": 425,
    "RANK": 25,
    "NAME": "WELLS FARGO",
    "ADDRESS": "420 MONTGOMERY STREET",
    "ADDRESS2": "NOT AVAILABLE",
    "CITY": "SAN FRANCISCO",
    "STATE": "CA",
    "ZIP": "94163",
    "COUNTY": "SAN FRANCISCO",
    "EMPLOYEES": 269100,
    "REVENUES": 94176,
    "LATITUDE": 37.7934,
    "LONGITUDE": -122.4024,
    "SOURCE": "BING MAPS",
    "PRC": "ADDRESS",
    "COUNTYFIPS": "06075",
    "COMMENTS": "NOT AVAILABLE",
    "WEBSITE": "HTTPS://WWW.WELLSFARGO.COM/",
    "PROFIT": 21938,
    "deal_amount": 347422,
    "rep_id": 1,
    "rep_name": "Annie Lindqvist",
    "date": "2020-10-22",
    "client_name": "WELLS FARGO",
    "city": "SAN FRANCISCO",
    "color": "#8DD3C7",
    "is_closed": 0
  },
  {
    "X": -13595427.1467,
    "Y": 6047179.531,
    "FID": 234,
    "OBJECTID": 234,
    "RANK": 28,
    "NAME": "MICROSOFT",
    "ADDRESS": "1 MICROSOFT WAY",
    "ADDRESS2": "NOT AVAILABLE",
    "CITY": "REDMOND",
    "STATE": "WA",
    "ZIP": "98052",
    "COUNTY": "KING",
    "EMPLOYEES": 114000,
    "REVENUES": 85320,
    "LATITUDE": 47.6401,
    "LONGITUDE": -122.1298,
    "SOURCE": "BING MAPS",
    "PRC": "ADDRESS",
    "COUNTYFIPS": "53033",
    "COMMENTS": "NOT AVAILABLE",
    "WEBSITE": "HTTPS://WWW.MICROSOFT.COM/EN-US/",
    "PROFIT": 16798,
    "deal_amount": 787075,
    "rep_id": 1,
    "rep_name": "Annie Lindqvist",
    "date": "2020-06-06",
    "client_name": "MICROSOFT",
    "city": "REDMOND",
    "color": "#8DD3C7",
    "is_closed": 0
  },
  {
    "X": -13595427.1467,
    "Y": 6047179.531,
    "FID": 234,
    "OBJECTID": 234,
    "RANK": 28,
    "NAME": "MICROSOFT",
    "ADDRESS": "1 MICROSOFT WAY",
    "ADDRESS2": "NOT AVAILABLE",
    "CITY": "REDMOND",
    "STATE": "WA",
    "ZIP": "98052",
    "COUNTY": "KING",
    "EMPLOYEES": 114000,
    "REVENUES": 85320,
    "LATITUDE": 47.6401,
    "LONGITUDE": -122.1298,
    "SOURCE": "BING MAPS",
    "PRC": "ADDRESS",
    "COUNTYFIPS": "53033",
    "COMMENTS": "NOT AVAILABLE",
    "WEBSITE": "HTTPS://WWW.MICROSOFT.COM/EN-US/",
    "PROFIT": 16798,
    "deal_amount": 581432,
    "rep_id": 1,
    "rep_name": "Annie Lindqvist",
    "date": "2020-12-31",
    "client_name": "MICROSOFT",
    "city": "REDMOND",
    "color": "#8DD3C7",
    "is_closed": 1
  },
  {
    "X": -8234969.5377,
    "Y": 4976415.1246,
    "FID": 333,
    "OBJECTID": 333,
    "RANK": 21,
    "NAME": "J.P. MORGAN CHASE",
    "ADDRESS": "270 PARK AVENUE",
    "ADDRESS2": "NOT AVAILABLE",
    "CITY": "NEW YORK",
    "STATE": "NY",
    "ZIP": "10017",
    "COUNTY": "NEW YORK",
    "EMPLOYEES": 243355,
    "REVENUES": 105486,
    "LATITUDE": 40.756,
    "LONGITUDE": -73.976,
    "SOURCE": "BING MAPS",
    "PRC": "ADDRESS",
    "COUNTYFIPS": "36061",
    "COMMENTS": "NOT AVAILABLE",
    "WEBSITE": "HTTPS://WWW.JPMORGANCHASE.COM/",
    "PROFIT": 24733,
    "deal_amount": 383193,
    "rep_id": 2,
    "rep_name": "Aaron Reid",
    "date": "2020-04-19",
    "client_name": "J.P. MORGAN CHASE",
    "city": "NEW YORK",
    "color": "#FFFFB3",
    "is_closed": 0
  },
  {
    "X": -8234969.5377,
    "Y": 4976415.1246,
    "FID": 333,
    "OBJECTID": 333,
    "RANK": 21,
    "NAME": "J.P. MORGAN CHASE",
    "ADDRESS": "270 PARK AVENUE",
    "ADDRESS2": "NOT AVAILABLE",
    "CITY": "NEW YORK",
    "STATE": "NY",
    "ZIP": "10017",
    "COUNTY": "NEW YORK",
    "EMPLOYEES": 243355,
    "REVENUES": 105486,
    "LATITUDE": 40.756,
    "LONGITUDE": -73.976,
    "SOURCE": "BING MAPS",
    "PRC": "ADDRESS",
    "COUNTYFIPS": "36061",
    "COMMENTS": "NOT AVAILABLE",
    "WEBSITE": "HTTPS://WWW.JPMORGANCHASE.COM/",
    "PROFIT": 24733,
    "deal_amount": 464153,
    "rep_id": 2,
    "rep_name": "Aaron Reid",
    "date": "2020-05-03",
    "client_name": "J.P. MORGAN CHASE",
    "city": "NEW YORK",
    "color": "#FFFFB3",
    "is_closed": 0
  },
  {
    "X": -8234473.0528,
    "Y": 4976860.4146,
    "FID": 341,
    "OBJECTID": 341,
    "RANK": 30,
    "NAME": "CITIGROUP",
    "ADDRESS": "399 PARK AVENUE",
    "ADDRESS2": "NOT AVAILABLE",
    "CITY": "NEW YORK",
    "STATE": "NY",
    "ZIP": "10022",
    "COUNTY": "NEW YORK",
    "EMPLOYEES": 219000,
    "REVENUES": 82386,
    "LATITUDE": 40.759,
    "LONGITUDE": -73.9715,
    "SOURCE": "BING MAPS",
    "PRC": "ADDRESS",
    "COUNTYFIPS": "36061",
    "COMMENTS": "NOT AVAILABLE",
    "WEBSITE": "HTTPS://WWW.CITIGROUP.COM/CITI/",
    "PROFIT": 14912,
    "deal_amount": 328479,
    "rep_id": 2,
    "rep_name": "Aaron Reid",
    "date": "2020-05-08",
    "client_name": "CITIGROUP",
    "city": "NEW YORK",
    "color": "#FFFFB3",
    "is_closed": 1
  },
  {
    "X": -13595427.1467,
    "Y": 6047179.531,
    "FID": 234,
    "OBJECTID": 234,
    "RANK": 28,
    "NAME": "MICROSOFT",
    "ADDRESS": "1 MICROSOFT WAY",
    "ADDRESS2": "NOT AVAILABLE",
    "CITY": "REDMOND",
    "STATE": "WA",
    "ZIP": "98052",
    "COUNTY": "KING",
    "EMPLOYEES": 114000,
    "REVENUES": 85320,
    "LATITUDE": 47.6401,
    "LONGITUDE": -122.1298,
    "SOURCE": "BING MAPS",
    "PRC": "ADDRESS",
    "COUNTYFIPS": "53033",
    "COMMENTS": "NOT AVAILABLE",
    "WEBSITE": "HTTPS://WWW.MICROSOFT.COM/EN-US/",
    "PROFIT": 16798,
    "deal_amount": 868301,
    "rep_id": 2,
    "rep_name": "Aaron Reid",
    "date": "2020-04-07",
    "client_name": "MICROSOFT",
    "city": "REDMOND",
    "color": "#FFFFB3",
    "is_closed": 1
  },
  {
    "X": -13584364.2157,
    "Y": 4485452.6934,
    "FID": 441,
    "OBJECTID": 441,
    "RANK": 3,
    "NAME": "APPLE",
    "ADDRESS": "1 INFINITE LOOP",
    "ADDRESS2": "NOT AVAILABLE",
    "CITY": "CUPERTINO",
    "STATE": "CA",
    "ZIP": "95014",
    "COUNTY": "SANTA CLARA",
    "EMPLOYEES": 116000,
    "REVENUES": 215639,
    "LATITUDE": 37.3318,
    "LONGITUDE": -122.0304,
    "SOURCE": "BING MAPS",
    "PRC": "ADDRESS",
    "COUNTYFIPS": "06085",
    "COMMENTS": "NOT AVAILABLE",
    "WEBSITE": "HTTPS://WWW.APPLE.COM/",
    "PROFIT": 45687,
    "deal_amount": 773286,
    "rep_id": 2,
    "rep_name": "Aaron Reid",
    "date": "2020-10-19",
    "client_name": "APPLE",
    "city": "CUPERTINO",
    "color": "#FFFFB3",
    "is_closed": 1
  },
  {
    "X": -13590364.3362,
    "Y": 4498095.324,
    "FID": 434,
    "OBJECTID": 434,
    "RANK": 27,
    "NAME": "ALPHABET",
    "ADDRESS": "1600 AMPHITHEATRE PARKWAY",
    "ADDRESS2": "NOT AVAILABLE",
    "CITY": "MOUNTAIN VIEW",
    "STATE": "CA",
    "ZIP": "94043",
    "COUNTY": "SANTA CLARA",
    "EMPLOYEES": 72053,
    "REVENUES": 90272,
    "LATITUDE": 37.422,
    "LONGITUDE": -122.0843,
    "SOURCE": "BING MAPS",
    "PRC": "ADDRESS",
    "COUNTYFIPS": "06085",
    "COMMENTS": "NOT AVAILABLE",
    "WEBSITE": "HTTPS://ABC.XYZ/",
    "PROFIT": 19478,
    "deal_amount": 995613,
    "rep_id": 2,
    "rep_name": "Aaron Reid",
    "date": "2020-11-05",
    "client_name": "ALPHABET",
    "city": "MOUNTAIN VIEW",
    "color": "#FFFFB3",
    "is_closed": 0
  },
  {
    "X": -8629185.2505,
    "Y": 4523106.04,
    "FID": 217,
    "OBJECTID": 217,
    "RANK": 148,
    "NAME": "ALTRIA GROUP",
    "ADDRESS": "6601 WEST BROAD STREET",
    "ADDRESS2": "NOT AVAILABLE",
    "CITY": "RICHMOND",
    "STATE": "VA",
    "ZIP": "23230",
    "COUNTY": "HENRICO",
    "EMPLOYEES": 8300,
    "REVENUES": 19337,
    "LATITUDE": 37.6002,
    "LONGITUDE": -77.5173,
    "SOURCE": "BING MAPS",
    "PRC": "ADDRESS",
    "COUNTYFIPS": "51087",
    "COMMENTS": "NOT AVAILABLE",
    "WEBSITE": "HTTP://WWW.ALTRIA.COM/PAGES/DEFAULT.ASPX",
    "PROFIT": 14239,
    "deal_amount": 356885,
    "rep_id": 2,
    "rep_name": "Aaron Reid",
    "date": "2020-02-17",
    "client_name": "ALTRIA GROUP",
    "city": "RICHMOND",
    "color": "#FFFFB3",
    "is_closed": 1
  },
  {
    "X": -8999298.0671,
    "Y": 4194777.9377,
    "FID": 284,
    "OBJECTID": 284,
    "RANK": 26,
    "NAME": "BANK OF AMERICA CORP.",
    "ADDRESS": "100 NORTH TRYON STREET",
    "ADDRESS2": "NOT AVAILABLE",
    "CITY": "CHARLOTTE",
    "STATE": "NC",
    "ZIP": "28255",
    "COUNTY": "MECKLENBURG",
    "EMPLOYEES": 208024,
    "REVENUES": 93662,
    "LATITUDE": 35.227,
    "LONGITUDE": -80.8421,
    "SOURCE": "BING MAPS",
    "PRC": "ADDRESS",
    "COUNTYFIPS": "37119",
    "COMMENTS": "NOT AVAILABLE",
    "WEBSITE": "HTTPS://WWW.BANKOFAMERICA.COM/",
    "PROFIT": 17906,
    "deal_amount": 358663,
    "rep_id": 2,
    "rep_name": "Aaron Reid",
    "date": "2020-04-22",
    "client_name": "BANK OF AMERICA CORP.",
    "city": "CHARLOTTE",
    "color": "#FFFFB3",
    "is_closed": 1
  },
  {
    "X": -13595427.1467,
    "Y": 6047179.531,
    "FID": 234,
    "OBJECTID": 234,
    "RANK": 28,
    "NAME": "MICROSOFT",
    "ADDRESS": "1 MICROSOFT WAY",
    "ADDRESS2": "NOT AVAILABLE",
    "CITY": "REDMOND",
    "STATE": "WA",
    "ZIP": "98052",
    "COUNTY": "KING",
    "EMPLOYEES": 114000,
    "REVENUES": 85320,
    "LATITUDE": 47.6401,
    "LONGITUDE": -122.1298,
    "SOURCE": "BING MAPS",
    "PRC": "ADDRESS",
    "COUNTYFIPS": "53033",
    "COMMENTS": "NOT AVAILABLE",
    "WEBSITE": "HTTPS://WWW.MICROSOFT.COM/EN-US/",
    "PROFIT": 16798,
    "deal_amount": 587077,
    "rep_id": 2,
    "rep_name": "Aaron Reid",
    "date": "2020-02-19",
    "client_name": "MICROSOFT",
    "city": "REDMOND",
    "color": "#FFFFB3",
    "is_closed": 1
  },
  {
    "X": -8234473.0528,
    "Y": 4976860.4146,
    "FID": 341,
    "OBJECTID": 341,
    "RANK": 30,
    "NAME": "CITIGROUP",
    "ADDRESS": "399 PARK AVENUE",
    "ADDRESS2": "NOT AVAILABLE",
    "CITY": "NEW YORK",
    "STATE": "NY",
    "ZIP": "10022",
    "COUNTY": "NEW YORK",
    "EMPLOYEES": 219000,
    "REVENUES": 82386,
    "LATITUDE": 40.759,
    "LONGITUDE": -73.9715,
    "SOURCE": "BING MAPS",
    "PRC": "ADDRESS",
    "COUNTYFIPS": "36061",
    "COMMENTS": "NOT AVAILABLE",
    "WEBSITE": "HTTPS://WWW.CITIGROUP.COM/CITI/",
    "PROFIT": 14912,
    "deal_amount": 899453,
    "rep_id": 2,
    "rep_name": "Aaron Reid",
    "date": "2020-01-09",
    "client_name": "CITIGROUP",
    "city": "NEW YORK",
    "color": "#FFFFB3",
    "is_closed": 1
  },
  {
    "X": -8286952.4003,
    "Y": 4938582.2461,
    "FID": 493,
    "OBJECTID": 493,
    "RANK": 35,
    "NAME": "JOHNSON & JOHNSON",
    "ADDRESS": "1 JOHNSON AND JOHNSON PLAZA",
    "ADDRESS2": "NOT AVAILABLE",
    "CITY": "NEW BRUNSWICK",
    "STATE": "NJ",
    "ZIP": "08933",
    "COUNTY": "MIDDLESEX",
    "EMPLOYEES": 126400,
    "REVENUES": 71890,
    "LATITUDE": 40.498,
    "LONGITUDE": -74.443,
    "SOURCE": "MANUAL",
    "PRC": "ON-ENTITY",
    "COUNTYFIPS": "34023",
    "COMMENTS": "NOT AVAILABLE",
    "WEBSITE": "HTTPS://WWW.JNJ.COM/",
    "PROFIT": 16540,
    "deal_amount": 887937,
    "rep_id": 2,
    "rep_name": "Aaron Reid",
    "date": "2020-10-04",
    "client_name": "JOHNSON & JOHNSON",
    "city": "NEW BRUNSWICK",
    "color": "#FFFFB3",
    "is_closed": 1
  },
  {
    "X": -8234969.5377,
    "Y": 4976415.1246,
    "FID": 333,
    "OBJECTID": 333,
    "RANK": 21,
    "NAME": "J.P. MORGAN CHASE",
    "ADDRESS": "270 PARK AVENUE",
    "ADDRESS2": "NOT AVAILABLE",
    "CITY": "NEW YORK",
    "STATE": "NY",
    "ZIP": "10017",
    "COUNTY": "NEW YORK",
    "EMPLOYEES": 243355,
    "REVENUES": 105486,
    "LATITUDE": 40.756,
    "LONGITUDE": -73.976,
    "SOURCE": "BING MAPS",
    "PRC": "ADDRESS",
    "COUNTYFIPS": "36061",
    "COMMENTS": "NOT AVAILABLE",
    "WEBSITE": "HTTPS://WWW.JPMORGANCHASE.COM/",
    "PROFIT": 24733,
    "deal_amount": 538779,
    "rep_id": 2,
    "rep_name": "Aaron Reid",
    "date": "2020-02-06",
    "client_name": "J.P. MORGAN CHASE",
    "city": "NEW YORK",
    "color": "#FFFFB3",
    "is_closed": 1
  },
  {
    "X": -8234969.5377,
    "Y": 4976415.1246,
    "FID": 333,
    "OBJECTID": 333,
    "RANK": 21,
    "NAME": "J.P. MORGAN CHASE",
    "ADDRESS": "270 PARK AVENUE",
    "ADDRESS2": "NOT AVAILABLE",
    "CITY": "NEW YORK",
    "STATE": "NY",
    "ZIP": "10017",
    "COUNTY": "NEW YORK",
    "EMPLOYEES": 243355,
    "REVENUES": 105486,
    "LATITUDE": 40.756,
    "LONGITUDE": -73.976,
    "SOURCE": "BING MAPS",
    "PRC": "ADDRESS",
    "COUNTYFIPS": "36061",
    "COMMENTS": "NOT AVAILABLE",
    "WEBSITE": "HTTPS://WWW.JPMORGANCHASE.COM/",
    "PROFIT": 24733,
    "deal_amount": 320659,
    "rep_id": 2,
    "rep_name": "Aaron Reid",
    "date": "2020-07-10",
    "client_name": "J.P. MORGAN CHASE",
    "city": "NEW YORK",
    "color": "#FFFFB3",
    "is_closed": 0
  },
  {
    "X": -8999298.0671,
    "Y": 4194777.9377,
    "FID": 284,
    "OBJECTID": 284,
    "RANK": 26,
    "NAME": "BANK OF AMERICA CORP.",
    "ADDRESS": "100 NORTH TRYON STREET",
    "ADDRESS2": "NOT AVAILABLE",
    "CITY": "CHARLOTTE",
    "STATE": "NC",
    "ZIP": "28255",
    "COUNTY": "MECKLENBURG",
    "EMPLOYEES": 208024,
    "REVENUES": 93662,
    "LATITUDE": 35.227,
    "LONGITUDE": -80.8421,
    "SOURCE": "BING MAPS",
    "PRC": "ADDRESS",
    "COUNTYFIPS": "37119",
    "COMMENTS": "NOT AVAILABLE",
    "WEBSITE": "HTTPS://WWW.BANKOFAMERICA.COM/",
    "PROFIT": 17906,
    "deal_amount": 795662,
    "rep_id": 3,
    "rep_name": "Alex Lundberg",
    "date": "2020-08-30",
    "client_name": "BANK OF AMERICA CORP.",
    "city": "CHARLOTTE",
    "color": "#BEBADA",
    "is_closed": 0
  },
  {
    "X": -8286952.4003,
    "Y": 4938582.2461,
    "FID": 493,
    "OBJECTID": 493,
    "RANK": 35,
    "NAME": "JOHNSON & JOHNSON",
    "ADDRESS": "1 JOHNSON AND JOHNSON PLAZA",
    "ADDRESS2": "NOT AVAILABLE",
    "CITY": "NEW BRUNSWICK",
    "STATE": "NJ",
    "ZIP": "08933",
    "COUNTY": "MIDDLESEX",
    "EMPLOYEES": 126400,
    "REVENUES": 71890,
    "LATITUDE": 40.498,
    "LONGITUDE": -74.443,
    "SOURCE": "MANUAL",
    "PRC": "ON-ENTITY",
    "COUNTYFIPS": "34023",
    "COMMENTS": "NOT AVAILABLE",
    "WEBSITE": "HTTPS://WWW.JNJ.COM/",
    "PROFIT": 16540,
    "deal_amount": 938103,
    "rep_id": 3,
    "rep_name": "Alex Lundberg",
    "date": "2020-11-28",
    "client_name": "JOHNSON & JOHNSON",
    "city": "NEW BRUNSWICK",
    "color": "#BEBADA",
    "is_closed": 1
  },
  {
    "X": -10682837.2729,
    "Y": 5050354.4262,
    "FID": 105,
    "OBJECTID": 105,
    "RANK": 2,
    "NAME": "BERKSHIRE HATHAWAY",
    "ADDRESS": "3555 FARNAM STREET",
    "ADDRESS2": "1440 KIEWIT PLAZA",
    "CITY": "OMAHA",
    "STATE": "NE",
    "ZIP": "68131",
    "COUNTY": "DOUGLAS",
    "EMPLOYEES": 367700,
    "REVENUES": 223604,
    "LATITUDE": 41.2572,
    "LONGITUDE": -95.9656,
    "SOURCE": "BING MAPS",
    "PRC": "ADDRESS",
    "COUNTYFIPS": "00055",
    "COMMENTS": "NOT AVAILABLE",
    "WEBSITE": "HTTP://WWW.BERKSHIREHATHAWAY.COM/",
    "PROFIT": 24074,
    "deal_amount": 894695,
    "rep_id": 3,
    "rep_name": "Alex Lundberg",
    "date": "2020-07-09",
    "client_name": "BERKSHIRE HATHAWAY",
    "city": "OMAHA",
    "color": "#BEBADA",
    "is_closed": 1
  },
  {
    "X": -8234969.5377,
    "Y": 4976415.1246,
    "FID": 333,
    "OBJECTID": 333,
    "RANK": 21,
    "NAME": "J.P. MORGAN CHASE",
    "ADDRESS": "270 PARK AVENUE",
    "ADDRESS2": "NOT AVAILABLE",
    "CITY": "NEW YORK",
    "STATE": "NY",
    "ZIP": "10017",
    "COUNTY": "NEW YORK",
    "EMPLOYEES": 243355,
    "REVENUES": 105486,
    "LATITUDE": 40.756,
    "LONGITUDE": -73.976,
    "SOURCE": "BING MAPS",
    "PRC": "ADDRESS",
    "COUNTYFIPS": "36061",
    "COMMENTS": "NOT AVAILABLE",
    "WEBSITE": "HTTPS://WWW.JPMORGANCHASE.COM/",
    "PROFIT": 24733,
    "deal_amount": 881867,
    "rep_id": 3,
    "rep_name": "Alex Lundberg",
    "date": "2020-12-09",
    "client_name": "J.P. MORGAN CHASE",
    "city": "NEW YORK",
    "color": "#BEBADA",
    "is_closed": 1
  },
  {
    "X": -8999298.0671,
    "Y": 4194777.9377,
    "FID": 284,
    "OBJECTID": 284,
    "RANK": 26,
    "NAME": "BANK OF AMERICA CORP.",
    "ADDRESS": "100 NORTH TRYON STREET",
    "ADDRESS2": "NOT AVAILABLE",
    "CITY": "CHARLOTTE",
    "STATE": "NC",
    "ZIP": "28255",
    "COUNTY": "MECKLENBURG",
    "EMPLOYEES": 208024,
    "REVENUES": 93662,
    "LATITUDE": 35.227,
    "LONGITUDE": -80.8421,
    "SOURCE": "BING MAPS",
    "PRC": "ADDRESS",
    "COUNTYFIPS": "37119",
    "COMMENTS": "NOT AVAILABLE",
    "WEBSITE": "HTTPS://WWW.BANKOFAMERICA.COM/",
    "PROFIT": 17906,
    "deal_amount": 540988,
    "rep_id": 3,
    "rep_name": "Alex Lundberg",
    "date": "2020-06-23",
    "client_name": "BANK OF AMERICA CORP.",
    "city": "CHARLOTTE",
    "color": "#BEBADA",
    "is_closed": 1
  },
  {
    "X": -10682837.2729,
    "Y": 5050354.4262,
    "FID": 105,
    "OBJECTID": 105,
    "RANK": 2,
    "NAME": "BERKSHIRE HATHAWAY",
    "ADDRESS": "3555 FARNAM STREET",
    "ADDRESS2": "1440 KIEWIT PLAZA",
    "CITY": "OMAHA",
    "STATE": "NE",
    "ZIP": "68131",
    "COUNTY": "DOUGLAS",
    "EMPLOYEES": 367700,
    "REVENUES": 223604,
    "LATITUDE": 41.2572,
    "LONGITUDE": -95.9656,
    "SOURCE": "BING MAPS",
    "PRC": "ADDRESS",
    "COUNTYFIPS": "00055",
    "COMMENTS": "NOT AVAILABLE",
    "WEBSITE": "HTTP://WWW.BERKSHIREHATHAWAY.COM/",
    "PROFIT": 24074,
    "deal_amount": 438452,
    "rep_id": 3,
    "rep_name": "Alex Lundberg",
    "date": "2020-07-12",
    "client_name": "BERKSHIRE HATHAWAY",
    "city": "OMAHA",
    "color": "#BEBADA",
    "is_closed": 1
  },
  {
    "X": -8999298.0671,
    "Y": 4194777.9377,
    "FID": 284,
    "OBJECTID": 284,
    "RANK": 26,
    "NAME": "BANK OF AMERICA CORP.",
    "ADDRESS": "100 NORTH TRYON STREET",
    "ADDRESS2": "NOT AVAILABLE",
    "CITY": "CHARLOTTE",
    "STATE": "NC",
    "ZIP": "28255",
    "COUNTY": "MECKLENBURG",
    "EMPLOYEES": 208024,
    "REVENUES": 93662,
    "LATITUDE": 35.227,
    "LONGITUDE": -80.8421,
    "SOURCE": "BING MAPS",
    "PRC": "ADDRESS",
    "COUNTYFIPS": "37119",
    "COMMENTS": "NOT AVAILABLE",
    "WEBSITE": "HTTPS://WWW.BANKOFAMERICA.COM/",
    "PROFIT": 17906,
    "deal_amount": 306451,
    "rep_id": 3,
    "rep_name": "Alex Lundberg",
    "date": "2020-12-14",
    "client_name": "BANK OF AMERICA CORP.",
    "city": "CHARLOTTE",
    "color": "#BEBADA",
    "is_closed": 0
  },
  {
    "X": -13590364.3362,
    "Y": 4498095.324,
    "FID": 434,
    "OBJECTID": 434,
    "RANK": 27,
    "NAME": "ALPHABET",
    "ADDRESS": "1600 AMPHITHEATRE PARKWAY",
    "ADDRESS2": "NOT AVAILABLE",
    "CITY": "MOUNTAIN VIEW",
    "STATE": "CA",
    "ZIP": "94043",
    "COUNTY": "SANTA CLARA",
    "EMPLOYEES": 72053,
    "REVENUES": 90272,
    "LATITUDE": 37.422,
    "LONGITUDE": -122.0843,
    "SOURCE": "BING MAPS",
    "PRC": "ADDRESS",
    "COUNTYFIPS": "06085",
    "COMMENTS": "NOT AVAILABLE",
    "WEBSITE": "HTTPS://ABC.XYZ/",
    "PROFIT": 19478,
    "deal_amount": 356129,
    "rep_id": 3,
    "rep_name": "Alex Lundberg",
    "date": "2020-05-16",
    "client_name": "ALPHABET",
    "city": "MOUNTAIN VIEW",
    "color": "#BEBADA",
    "is_closed": 1
  },
  {
    "X": -8286952.4003,
    "Y": 4938582.2461,
    "FID": 493,
    "OBJECTID": 493,
    "RANK": 35,
    "NAME": "JOHNSON & JOHNSON",
    "ADDRESS": "1 JOHNSON AND JOHNSON PLAZA",
    "ADDRESS2": "NOT AVAILABLE",
    "CITY": "NEW BRUNSWICK",
    "STATE": "NJ",
    "ZIP": "08933",
    "COUNTY": "MIDDLESEX",
    "EMPLOYEES": 126400,
    "REVENUES": 71890,
    "LATITUDE": 40.498,
    "LONGITUDE": -74.443,
    "SOURCE": "MANUAL",
    "PRC": "ON-ENTITY",
    "COUNTYFIPS": "34023",
    "COMMENTS": "NOT AVAILABLE",
    "WEBSITE": "HTTPS://WWW.JNJ.COM/",
    "PROFIT": 16540,
    "deal_amount": 575124,
    "rep_id": 3,
    "rep_name": "Alex Lundberg",
    "date": "2020-11-27",
    "client_name": "JOHNSON & JOHNSON",
    "city": "NEW BRUNSWICK",
    "color": "#BEBADA",
    "is_closed": 1
  },
  {
    "X": -8629185.2505,
    "Y": 4523106.04,
    "FID": 217,
    "OBJECTID": 217,
    "RANK": 148,
    "NAME": "ALTRIA GROUP",
    "ADDRESS": "6601 WEST BROAD STREET",
    "ADDRESS2": "NOT AVAILABLE",
    "CITY": "RICHMOND",
    "STATE": "VA",
    "ZIP": "23230",
    "COUNTY": "HENRICO",
    "EMPLOYEES": 8300,
    "REVENUES": 19337,
    "LATITUDE": 37.6002,
    "LONGITUDE": -77.5173,
    "SOURCE": "BING MAPS",
    "PRC": "ADDRESS",
    "COUNTYFIPS": "51087",
    "COMMENTS": "NOT AVAILABLE",
    "WEBSITE": "HTTP://WWW.ALTRIA.COM/PAGES/DEFAULT.ASPX",
    "PROFIT": 14239,
    "deal_amount": 580844,
    "rep_id": 3,
    "rep_name": "Alex Lundberg",
    "date": "2020-09-07",
    "client_name": "ALTRIA GROUP",
    "city": "RICHMOND",
    "color": "#BEBADA",
    "is_closed": 0
  },
  {
    "X": -13584364.2157,
    "Y": 4485452.6934,
    "FID": 441,
    "OBJECTID": 441,
    "RANK": 3,
    "NAME": "APPLE",
    "ADDRESS": "1 INFINITE LOOP",
    "ADDRESS2": "NOT AVAILABLE",
    "CITY": "CUPERTINO",
    "STATE": "CA",
    "ZIP": "95014",
    "COUNTY": "SANTA CLARA",
    "EMPLOYEES": 116000,
    "REVENUES": 215639,
    "LATITUDE": 37.3318,
    "LONGITUDE": -122.0304,
    "SOURCE": "BING MAPS",
    "PRC": "ADDRESS",
    "COUNTYFIPS": "06085",
    "COMMENTS": "NOT AVAILABLE",
    "WEBSITE": "HTTPS://WWW.APPLE.COM/",
    "PROFIT": 45687,
    "deal_amount": 423992,
    "rep_id": 3,
    "rep_name": "Alex Lundberg",
    "date": "2020-05-03",
    "client_name": "APPLE",
    "city": "CUPERTINO",
    "color": "#BEBADA",
    "is_closed": 0
  },
  {
    "X": -10682837.2729,
    "Y": 5050354.4262,
    "FID": 105,
    "OBJECTID": 105,
    "RANK": 2,
    "NAME": "BERKSHIRE HATHAWAY",
    "ADDRESS": "3555 FARNAM STREET",
    "ADDRESS2": "1440 KIEWIT PLAZA",
    "CITY": "OMAHA",
    "STATE": "NE",
    "ZIP": "68131",
    "COUNTY": "DOUGLAS",
    "EMPLOYEES": 367700,
    "REVENUES": 223604,
    "LATITUDE": 41.2572,
    "LONGITUDE": -95.9656,
    "SOURCE": "BING MAPS",
    "PRC": "ADDRESS",
    "COUNTYFIPS": "00055",
    "COMMENTS": "NOT AVAILABLE",
    "WEBSITE": "HTTP://WWW.BERKSHIREHATHAWAY.COM/",
    "PROFIT": 24074,
    "deal_amount": 583230,
    "rep_id": 3,
    "rep_name": "Alex Lundberg",
    "date": "2020-03-12",
    "client_name": "BERKSHIRE HATHAWAY",
    "city": "OMAHA",
    "color": "#BEBADA",
    "is_closed": 0
  },
  {
    "X": -8234969.5377,
    "Y": 4976415.1246,
    "FID": 333,
    "OBJECTID": 333,
    "RANK": 21,
    "NAME": "J.P. MORGAN CHASE",
    "ADDRESS": "270 PARK AVENUE",
    "ADDRESS2": "NOT AVAILABLE",
    "CITY": "NEW YORK",
    "STATE": "NY",
    "ZIP": "10017",
    "COUNTY": "NEW YORK",
    "EMPLOYEES": 243355,
    "REVENUES": 105486,
    "LATITUDE": 40.756,
    "LONGITUDE": -73.976,
    "SOURCE": "BING MAPS",
    "PRC": "ADDRESS",
    "COUNTYFIPS": "36061",
    "COMMENTS": "NOT AVAILABLE",
    "WEBSITE": "HTTPS://WWW.JPMORGANCHASE.COM/",
    "PROFIT": 24733,
    "deal_amount": 924216,
    "rep_id": 3,
    "rep_name": "Alex Lundberg",
    "date": "2020-05-22",
    "client_name": "J.P. MORGAN CHASE",
    "city": "NEW YORK",
    "color": "#BEBADA",
    "is_closed": 0
  },
  {
    "X": -8234473.0528,
    "Y": 4976860.4146,
    "FID": 341,
    "OBJECTID": 341,
    "RANK": 30,
    "NAME": "CITIGROUP",
    "ADDRESS": "399 PARK AVENUE",
    "ADDRESS2": "NOT AVAILABLE",
    "CITY": "NEW YORK",
    "STATE": "NY",
    "ZIP": "10022",
    "COUNTY": "NEW YORK",
    "EMPLOYEES": 219000,
    "REVENUES": 82386,
    "LATITUDE": 40.759,
    "LONGITUDE": -73.9715,
    "SOURCE": "BING MAPS",
    "PRC": "ADDRESS",
    "COUNTYFIPS": "36061",
    "COMMENTS": "NOT AVAILABLE",
    "WEBSITE": "HTTPS://WWW.CITIGROUP.COM/CITI/",
    "PROFIT": 14912,
    "deal_amount": 969336,
    "rep_id": 3,
    "rep_name": "Alex Lundberg",
    "date": "2020-02-19",
    "client_name": "CITIGROUP",
    "city": "NEW YORK",
    "color": "#BEBADA",
    "is_closed": 0
  },
  {
    "X": -13590364.3362,
    "Y": 4498095.324,
    "FID": 434,
    "OBJECTID": 434,
    "RANK": 27,
    "NAME": "ALPHABET",
    "ADDRESS": "1600 AMPHITHEATRE PARKWAY",
    "ADDRESS2": "NOT AVAILABLE",
    "CITY": "MOUNTAIN VIEW",
    "STATE": "CA",
    "ZIP": "94043",
    "COUNTY": "SANTA CLARA",
    "EMPLOYEES": 72053,
    "REVENUES": 90272,
    "LATITUDE": 37.422,
    "LONGITUDE": -122.0843,
    "SOURCE": "BING MAPS",
    "PRC": "ADDRESS",
    "COUNTYFIPS": "06085",
    "COMMENTS": "NOT AVAILABLE",
    "WEBSITE": "HTTPS://ABC.XYZ/",
    "PROFIT": 19478,
    "deal_amount": 859172,
    "rep_id": 3,
    "rep_name": "Alex Lundberg",
    "date": "2020-04-09",
    "client_name": "ALPHABET",
    "city": "MOUNTAIN VIEW",
    "color": "#BEBADA",
    "is_closed": 1
  },
  {
    "X": -8629185.2505,
    "Y": 4523106.04,
    "FID": 217,
    "OBJECTID": 217,
    "RANK": 148,
    "NAME": "ALTRIA GROUP",
    "ADDRESS": "6601 WEST BROAD STREET",
    "ADDRESS2": "NOT AVAILABLE",
    "CITY": "RICHMOND",
    "STATE": "VA",
    "ZIP": "23230",
    "COUNTY": "HENRICO",
    "EMPLOYEES": 8300,
    "REVENUES": 19337,
    "LATITUDE": 37.6002,
    "LONGITUDE": -77.5173,
    "SOURCE": "BING MAPS",
    "PRC": "ADDRESS",
    "COUNTYFIPS": "51087",
    "COMMENTS": "NOT AVAILABLE",
    "WEBSITE": "HTTP://WWW.ALTRIA.COM/PAGES/DEFAULT.ASPX",
    "PROFIT": 14239,
    "deal_amount": 382385,
    "rep_id": 4,
    "rep_name": "Roko Kolar",
    "date": "2020-09-26",
    "client_name": "ALTRIA GROUP",
    "city": "RICHMOND",
    "color": "#FB8072",
    "is_closed": 0
  },
  {
    "X": -10682837.2729,
    "Y": 5050354.4262,
    "FID": 105,
    "OBJECTID": 105,
    "RANK": 2,
    "NAME": "BERKSHIRE HATHAWAY",
    "ADDRESS": "3555 FARNAM STREET",
    "ADDRESS2": "1440 KIEWIT PLAZA",
    "CITY": "OMAHA",
    "STATE": "NE",
    "ZIP": "68131",
    "COUNTY": "DOUGLAS",
    "EMPLOYEES": 367700,
    "REVENUES": 223604,
    "LATITUDE": 41.2572,
    "LONGITUDE": -95.9656,
    "SOURCE": "BING MAPS",
    "PRC": "ADDRESS",
    "COUNTYFIPS": "00055",
    "COMMENTS": "NOT AVAILABLE",
    "WEBSITE": "HTTP://WWW.BERKSHIREHATHAWAY.COM/",
    "PROFIT": 24074,
    "deal_amount": 968498,
    "rep_id": 4,
    "rep_name": "Roko Kolar",
    "date": "2020-01-05",
    "client_name": "BERKSHIRE HATHAWAY",
    "city": "OMAHA",
    "color": "#FB8072",
    "is_closed": 1
  },
  {
    "X": -10682837.2729,
    "Y": 5050354.4262,
    "FID": 105,
    "OBJECTID": 105,
    "RANK": 2,
    "NAME": "BERKSHIRE HATHAWAY",
    "ADDRESS": "3555 FARNAM STREET",
    "ADDRESS2": "1440 KIEWIT PLAZA",
    "CITY": "OMAHA",
    "STATE": "NE",
    "ZIP": "68131",
    "COUNTY": "DOUGLAS",
    "EMPLOYEES": 367700,
    "REVENUES": 223604,
    "LATITUDE": 41.2572,
    "LONGITUDE": -95.9656,
    "SOURCE": "BING MAPS",
    "PRC": "ADDRESS",
    "COUNTYFIPS": "00055",
    "COMMENTS": "NOT AVAILABLE",
    "WEBSITE": "HTTP://WWW.BERKSHIREHATHAWAY.COM/",
    "PROFIT": 24074,
    "deal_amount": 375852,
    "rep_id": 4,
    "rep_name": "Roko Kolar",
    "date": "2020-09-04",
    "client_name": "BERKSHIRE HATHAWAY",
    "city": "OMAHA",
    "color": "#FB8072",
    "is_closed": 0
  },
  {
    "X": -8286952.4003,
    "Y": 4938582.2461,
    "FID": 493,
    "OBJECTID": 493,
    "RANK": 35,
    "NAME": "JOHNSON & JOHNSON",
    "ADDRESS": "1 JOHNSON AND JOHNSON PLAZA",
    "ADDRESS2": "NOT AVAILABLE",
    "CITY": "NEW BRUNSWICK",
    "STATE": "NJ",
    "ZIP": "08933",
    "COUNTY": "MIDDLESEX",
    "EMPLOYEES": 126400,
    "REVENUES": 71890,
    "LATITUDE": 40.498,
    "LONGITUDE": -74.443,
    "SOURCE": "MANUAL",
    "PRC": "ON-ENTITY",
    "COUNTYFIPS": "34023",
    "COMMENTS": "NOT AVAILABLE",
    "WEBSITE": "HTTPS://WWW.JNJ.COM/",
    "PROFIT": 16540,
    "deal_amount": 739945,
    "rep_id": 4,
    "rep_name": "Roko Kolar",
    "date": "2020-01-27",
    "client_name": "JOHNSON & JOHNSON",
    "city": "NEW BRUNSWICK",
    "color": "#FB8072",
    "is_closed": 0
  },
  {
    "X": -8999298.0671,
    "Y": 4194777.9377,
    "FID": 284,
    "OBJECTID": 284,
    "RANK": 26,
    "NAME": "BANK OF AMERICA CORP.",
    "ADDRESS": "100 NORTH TRYON STREET",
    "ADDRESS2": "NOT AVAILABLE",
    "CITY": "CHARLOTTE",
    "STATE": "NC",
    "ZIP": "28255",
    "COUNTY": "MECKLENBURG",
    "EMPLOYEES": 208024,
    "REVENUES": 93662,
    "LATITUDE": 35.227,
    "LONGITUDE": -80.8421,
    "SOURCE": "BING MAPS",
    "PRC": "ADDRESS",
    "COUNTYFIPS": "37119",
    "COMMENTS": "NOT AVAILABLE",
    "WEBSITE": "HTTPS://WWW.BANKOFAMERICA.COM/",
    "PROFIT": 17906,
    "deal_amount": 802673,
    "rep_id": 4,
    "rep_name": "Roko Kolar",
    "date": "2020-03-11",
    "client_name": "BANK OF AMERICA CORP.",
    "city": "CHARLOTTE",
    "color": "#FB8072",
    "is_closed": 0
  },
  {
    "X": -8629185.2505,
    "Y": 4523106.04,
    "FID": 217,
    "OBJECTID": 217,
    "RANK": 148,
    "NAME": "ALTRIA GROUP",
    "ADDRESS": "6601 WEST BROAD STREET",
    "ADDRESS2": "NOT AVAILABLE",
    "CITY": "RICHMOND",
    "STATE": "VA",
    "ZIP": "23230",
    "COUNTY": "HENRICO",
    "EMPLOYEES": 8300,
    "REVENUES": 19337,
    "LATITUDE": 37.6002,
    "LONGITUDE": -77.5173,
    "SOURCE": "BING MAPS",
    "PRC": "ADDRESS",
    "COUNTYFIPS": "51087",
    "COMMENTS": "NOT AVAILABLE",
    "WEBSITE": "HTTP://WWW.ALTRIA.COM/PAGES/DEFAULT.ASPX",
    "PROFIT": 14239,
    "deal_amount": 888719,
    "rep_id": 4,
    "rep_name": "Roko Kolar",
    "date": "2020-03-03",
    "client_name": "ALTRIA GROUP",
    "city": "RICHMOND",
    "color": "#FB8072",
    "is_closed": 0
  },
  {
    "X": -13584364.2157,
    "Y": 4485452.6934,
    "FID": 441,
    "OBJECTID": 441,
    "RANK": 3,
    "NAME": "APPLE",
    "ADDRESS": "1 INFINITE LOOP",
    "ADDRESS2": "NOT AVAILABLE",
    "CITY": "CUPERTINO",
    "STATE": "CA",
    "ZIP": "95014",
    "COUNTY": "SANTA CLARA",
    "EMPLOYEES": 116000,
    "REVENUES": 215639,
    "LATITUDE": 37.3318,
    "LONGITUDE": -122.0304,
    "SOURCE": "BING MAPS",
    "PRC": "ADDRESS",
    "COUNTYFIPS": "06085",
    "COMMENTS": "NOT AVAILABLE",
    "WEBSITE": "HTTPS://WWW.APPLE.COM/",
    "PROFIT": 45687,
    "deal_amount": 595885,
    "rep_id": 4,
    "rep_name": "Roko Kolar",
    "date": "2020-01-26",
    "client_name": "APPLE",
    "city": "CUPERTINO",
    "color": "#FB8072",
    "is_closed": 0
  },
  {
    "X": -10682837.2729,
    "Y": 5050354.4262,
    "FID": 105,
    "OBJECTID": 105,
    "RANK": 2,
    "NAME": "BERKSHIRE HATHAWAY",
    "ADDRESS": "3555 FARNAM STREET",
    "ADDRESS2": "1440 KIEWIT PLAZA",
    "CITY": "OMAHA",
    "STATE": "NE",
    "ZIP": "68131",
    "COUNTY": "DOUGLAS",
    "EMPLOYEES": 367700,
    "REVENUES": 223604,
    "LATITUDE": 41.2572,
    "LONGITUDE": -95.9656,
    "SOURCE": "BING MAPS",
    "PRC": "ADDRESS",
    "COUNTYFIPS": "00055",
    "COMMENTS": "NOT AVAILABLE",
    "WEBSITE": "HTTP://WWW.BERKSHIREHATHAWAY.COM/",
    "PROFIT": 24074,
    "deal_amount": 565111,
    "rep_id": 4,
    "rep_name": "Roko Kolar",
    "date": "2020-07-14",
    "client_name": "BERKSHIRE HATHAWAY",
    "city": "OMAHA",
    "color": "#FB8072",
    "is_closed": 0
  },
  {
    "X": -13595427.1467,
    "Y": 6047179.531,
    "FID": 234,
    "OBJECTID": 234,
    "RANK": 28,
    "NAME": "MICROSOFT",
    "ADDRESS": "1 MICROSOFT WAY",
    "ADDRESS2": "NOT AVAILABLE",
    "CITY": "REDMOND",
    "STATE": "WA",
    "ZIP": "98052",
    "COUNTY": "KING",
    "EMPLOYEES": 114000,
    "REVENUES": 85320,
    "LATITUDE": 47.6401,
    "LONGITUDE": -122.1298,
    "SOURCE": "BING MAPS",
    "PRC": "ADDRESS",
    "COUNTYFIPS": "53033",
    "COMMENTS": "NOT AVAILABLE",
    "WEBSITE": "HTTPS://WWW.MICROSOFT.COM/EN-US/",
    "PROFIT": 16798,
    "deal_amount": 877199,
    "rep_id": 4,
    "rep_name": "Roko Kolar",
    "date": "2020-05-02",
    "client_name": "MICROSOFT",
    "city": "REDMOND",
    "color": "#FB8072",
    "is_closed": 0
  },
  {
    "X": -8629185.2505,
    "Y": 4523106.04,
    "FID": 217,
    "OBJECTID": 217,
    "RANK": 148,
    "NAME": "ALTRIA GROUP",
    "ADDRESS": "6601 WEST BROAD STREET",
    "ADDRESS2": "NOT AVAILABLE",
    "CITY": "RICHMOND",
    "STATE": "VA",
    "ZIP": "23230",
    "COUNTY": "HENRICO",
    "EMPLOYEES": 8300,
    "REVENUES": 19337,
    "LATITUDE": 37.6002,
    "LONGITUDE": -77.5173,
    "SOURCE": "BING MAPS",
    "PRC": "ADDRESS",
    "COUNTYFIPS": "51087",
    "COMMENTS": "NOT AVAILABLE",
    "WEBSITE": "HTTP://WWW.ALTRIA.COM/PAGES/DEFAULT.ASPX",
    "PROFIT": 14239,
    "deal_amount": 923325,
    "rep_id": 4,
    "rep_name": "Roko Kolar",
    "date": "2020-03-07",
    "client_name": "ALTRIA GROUP",
    "city": "RICHMOND",
    "color": "#FB8072",
    "is_closed": 1
  },
  {
    "X": -8234473.0528,
    "Y": 4976860.4146,
    "FID": 341,
    "OBJECTID": 341,
    "RANK": 30,
    "NAME": "CITIGROUP",
    "ADDRESS": "399 PARK AVENUE",
    "ADDRESS2": "NOT AVAILABLE",
    "CITY": "NEW YORK",
    "STATE": "NY",
    "ZIP": "10022",
    "COUNTY": "NEW YORK",
    "EMPLOYEES": 219000,
    "REVENUES": 82386,
    "LATITUDE": 40.759,
    "LONGITUDE": -73.9715,
    "SOURCE": "BING MAPS",
    "PRC": "ADDRESS",
    "COUNTYFIPS": "36061",
    "COMMENTS": "NOT AVAILABLE",
    "WEBSITE": "HTTPS://WWW.CITIGROUP.COM/CITI/",
    "PROFIT": 14912,
    "deal_amount": 900390,
    "rep_id": 4,
    "rep_name": "Roko Kolar",
    "date": "2020-03-01",
    "client_name": "CITIGROUP",
    "city": "NEW YORK",
    "color": "#FB8072",
    "is_closed": 1
  },
  {
    "X": -10682837.2729,
    "Y": 5050354.4262,
    "FID": 105,
    "OBJECTID": 105,
    "RANK": 2,
    "NAME": "BERKSHIRE HATHAWAY",
    "ADDRESS": "3555 FARNAM STREET",
    "ADDRESS2": "1440 KIEWIT PLAZA",
    "CITY": "OMAHA",
    "STATE": "NE",
    "ZIP": "68131",
    "COUNTY": "DOUGLAS",
    "EMPLOYEES": 367700,
    "REVENUES": 223604,
    "LATITUDE": 41.2572,
    "LONGITUDE": -95.9656,
    "SOURCE": "BING MAPS",
    "PRC": "ADDRESS",
    "COUNTYFIPS": "00055",
    "COMMENTS": "NOT AVAILABLE",
    "WEBSITE": "HTTP://WWW.BERKSHIREHATHAWAY.COM/",
    "PROFIT": 24074,
    "deal_amount": 389962,
    "rep_id": 4,
    "rep_name": "Roko Kolar",
    "date": "2020-12-30",
    "client_name": "BERKSHIRE HATHAWAY",
    "city": "OMAHA",
    "color": "#FB8072",
    "is_closed": 1
  },
  {
    "X": -10682837.2729,
    "Y": 5050354.4262,
    "FID": 105,
    "OBJECTID": 105,
    "RANK": 2,
    "NAME": "BERKSHIRE HATHAWAY",
    "ADDRESS": "3555 FARNAM STREET",
    "ADDRESS2": "1440 KIEWIT PLAZA",
    "CITY": "OMAHA",
    "STATE": "NE",
    "ZIP": "68131",
    "COUNTY": "DOUGLAS",
    "EMPLOYEES": 367700,
    "REVENUES": 223604,
    "LATITUDE": 41.2572,
    "LONGITUDE": -95.9656,
    "SOURCE": "BING MAPS",
    "PRC": "ADDRESS",
    "COUNTYFIPS": "00055",
    "COMMENTS": "NOT AVAILABLE",
    "WEBSITE": "HTTP://WWW.BERKSHIREHATHAWAY.COM/",
    "PROFIT": 24074,
    "deal_amount": 923093,
    "rep_id": 4,
    "rep_name": "Roko Kolar",
    "date": "2020-07-20",
    "client_name": "BERKSHIRE HATHAWAY",
    "city": "OMAHA",
    "color": "#FB8072",
    "is_closed": 1
  },
  {
    "X": -13595427.1467,
    "Y": 6047179.531,
    "FID": 234,
    "OBJECTID": 234,
    "RANK": 28,
    "NAME": "MICROSOFT",
    "ADDRESS": "1 MICROSOFT WAY",
    "ADDRESS2": "NOT AVAILABLE",
    "CITY": "REDMOND",
    "STATE": "WA",
    "ZIP": "98052",
    "COUNTY": "KING",
    "EMPLOYEES": 114000,
    "REVENUES": 85320,
    "LATITUDE": 47.6401,
    "LONGITUDE": -122.1298,
    "SOURCE": "BING MAPS",
    "PRC": "ADDRESS",
    "COUNTYFIPS": "53033",
    "COMMENTS": "NOT AVAILABLE",
    "WEBSITE": "HTTPS://WWW.MICROSOFT.COM/EN-US/",
    "PROFIT": 16798,
    "deal_amount": 941685,
    "rep_id": 4,
    "rep_name": "Roko Kolar",
    "date": "2020-09-02",
    "client_name": "MICROSOFT",
    "city": "REDMOND",
    "color": "#FB8072",
    "is_closed": 1
  },
  {
    "X": -13595427.1467,
    "Y": 6047179.531,
    "FID": 234,
    "OBJECTID": 234,
    "RANK": 28,
    "NAME": "MICROSOFT",
    "ADDRESS": "1 MICROSOFT WAY",
    "ADDRESS2": "NOT AVAILABLE",
    "CITY": "REDMOND",
    "STATE": "WA",
    "ZIP": "98052",
    "COUNTY": "KING",
    "EMPLOYEES": 114000,
    "REVENUES": 85320,
    "LATITUDE": 47.6401,
    "LONGITUDE": -122.1298,
    "SOURCE": "BING MAPS",
    "PRC": "ADDRESS",
    "COUNTYFIPS": "53033",
    "COMMENTS": "NOT AVAILABLE",
    "WEBSITE": "HTTPS://WWW.MICROSOFT.COM/EN-US/",
    "PROFIT": 16798,
    "deal_amount": 871234,
    "rep_id": 4,
    "rep_name": "Roko Kolar",
    "date": "2020-08-17",
    "client_name": "MICROSOFT",
    "city": "REDMOND",
    "color": "#FB8072",
    "is_closed": 0
  },
  {
    "X": -13584364.2157,
    "Y": 4485452.6934,
    "FID": 441,
    "OBJECTID": 441,
    "RANK": 3,
    "NAME": "APPLE",
    "ADDRESS": "1 INFINITE LOOP",
    "ADDRESS2": "NOT AVAILABLE",
    "CITY": "CUPERTINO",
    "STATE": "CA",
    "ZIP": "95014",
    "COUNTY": "SANTA CLARA",
    "EMPLOYEES": 116000,
    "REVENUES": 215639,
    "LATITUDE": 37.3318,
    "LONGITUDE": -122.0304,
    "SOURCE": "BING MAPS",
    "PRC": "ADDRESS",
    "COUNTYFIPS": "06085",
    "COMMENTS": "NOT AVAILABLE",
    "WEBSITE": "HTTPS://WWW.APPLE.COM/",
    "PROFIT": 45687,
    "deal_amount": 333129,
    "rep_id": 4,
    "rep_name": "Roko Kolar",
    "date": "2020-03-25",
    "client_name": "APPLE",
    "city": "CUPERTINO",
    "color": "#FB8072",
    "is_closed": 1
  },
  {
    "X": -13590364.3362,
    "Y": 4498095.324,
    "FID": 434,
    "OBJECTID": 434,
    "RANK": 27,
    "NAME": "ALPHABET",
    "ADDRESS": "1600 AMPHITHEATRE PARKWAY",
    "ADDRESS2": "NOT AVAILABLE",
    "CITY": "MOUNTAIN VIEW",
    "STATE": "CA",
    "ZIP": "94043",
    "COUNTY": "SANTA CLARA",
    "EMPLOYEES": 72053,
    "REVENUES": 90272,
    "LATITUDE": 37.422,
    "LONGITUDE": -122.0843,
    "SOURCE": "BING MAPS",
    "PRC": "ADDRESS",
    "COUNTYFIPS": "06085",
    "COMMENTS": "NOT AVAILABLE",
    "WEBSITE": "HTTPS://ABC.XYZ/",
    "PROFIT": 19478,
    "deal_amount": 969646,
    "rep_id": 4,
    "rep_name": "Roko Kolar",
    "date": "2020-11-03",
    "client_name": "ALPHABET",
    "city": "MOUNTAIN VIEW",
    "color": "#FB8072",
    "is_closed": 0
  },
  {
    "X": -10682837.2729,
    "Y": 5050354.4262,
    "FID": 105,
    "OBJECTID": 105,
    "RANK": 2,
    "NAME": "BERKSHIRE HATHAWAY",
    "ADDRESS": "3555 FARNAM STREET",
    "ADDRESS2": "1440 KIEWIT PLAZA",
    "CITY": "OMAHA",
    "STATE": "NE",
    "ZIP": "68131",
    "COUNTY": "DOUGLAS",
    "EMPLOYEES": 367700,
    "REVENUES": 223604,
    "LATITUDE": 41.2572,
    "LONGITUDE": -95.9656,
    "SOURCE": "BING MAPS",
    "PRC": "ADDRESS",
    "COUNTYFIPS": "00055",
    "COMMENTS": "NOT AVAILABLE",
    "WEBSITE": "HTTP://WWW.BERKSHIREHATHAWAY.COM/",
    "PROFIT": 24074,
    "deal_amount": 909460,
    "rep_id": 4,
    "rep_name": "Roko Kolar",
    "date": "2020-10-13",
    "client_name": "BERKSHIRE HATHAWAY",
    "city": "OMAHA",
    "color": "#FB8072",
    "is_closed": 1
  },
  {
    "X": -10682837.2729,
    "Y": 5050354.4262,
    "FID": 105,
    "OBJECTID": 105,
    "RANK": 2,
    "NAME": "BERKSHIRE HATHAWAY",
    "ADDRESS": "3555 FARNAM STREET",
    "ADDRESS2": "1440 KIEWIT PLAZA",
    "CITY": "OMAHA",
    "STATE": "NE",
    "ZIP": "68131",
    "COUNTY": "DOUGLAS",
    "EMPLOYEES": 367700,
    "REVENUES": 223604,
    "LATITUDE": 41.2572,
    "LONGITUDE": -95.9656,
    "SOURCE": "BING MAPS",
    "PRC": "ADDRESS",
    "COUNTYFIPS": "00055",
    "COMMENTS": "NOT AVAILABLE",
    "WEBSITE": "HTTP://WWW.BERKSHIREHATHAWAY.COM/",
    "PROFIT": 24074,
    "deal_amount": 518620,
    "rep_id": 5,
    "rep_name": "Christian Bergqvist",
    "date": "2020-12-28",
    "client_name": "BERKSHIRE HATHAWAY",
    "city": "OMAHA",
    "color": "#80B1D3",
    "is_closed": 1
  },
  {
    "X": -13595427.1467,
    "Y": 6047179.531,
    "FID": 234,
    "OBJECTID": 234,
    "RANK": 28,
    "NAME": "MICROSOFT",
    "ADDRESS": "1 MICROSOFT WAY",
    "ADDRESS2": "NOT AVAILABLE",
    "CITY": "REDMOND",
    "STATE": "WA",
    "ZIP": "98052",
    "COUNTY": "KING",
    "EMPLOYEES": 114000,
    "REVENUES": 85320,
    "LATITUDE": 47.6401,
    "LONGITUDE": -122.1298,
    "SOURCE": "BING MAPS",
    "PRC": "ADDRESS",
    "COUNTYFIPS": "53033",
    "COMMENTS": "NOT AVAILABLE",
    "WEBSITE": "HTTPS://WWW.MICROSOFT.COM/EN-US/",
    "PROFIT": 16798,
    "deal_amount": 422873,
    "rep_id": 5,
    "rep_name": "Christian Bergqvist",
    "date": "2020-12-23",
    "client_name": "MICROSOFT",
    "city": "REDMOND",
    "color": "#80B1D3",
    "is_closed": 0
  },
  {
    "X": -8629185.2505,
    "Y": 4523106.04,
    "FID": 217,
    "OBJECTID": 217,
    "RANK": 148,
    "NAME": "ALTRIA GROUP",
    "ADDRESS": "6601 WEST BROAD STREET",
    "ADDRESS2": "NOT AVAILABLE",
    "CITY": "RICHMOND",
    "STATE": "VA",
    "ZIP": "23230",
    "COUNTY": "HENRICO",
    "EMPLOYEES": 8300,
    "REVENUES": 19337,
    "LATITUDE": 37.6002,
    "LONGITUDE": -77.5173,
    "SOURCE": "BING MAPS",
    "PRC": "ADDRESS",
    "COUNTYFIPS": "51087",
    "COMMENTS": "NOT AVAILABLE",
    "WEBSITE": "HTTP://WWW.ALTRIA.COM/PAGES/DEFAULT.ASPX",
    "PROFIT": 14239,
    "deal_amount": 394510,
    "rep_id": 5,
    "rep_name": "Christian Bergqvist",
    "date": "2020-08-13",
    "client_name": "ALTRIA GROUP",
    "city": "RICHMOND",
    "color": "#80B1D3",
    "is_closed": 0
  },
  {
    "X": -10682837.2729,
    "Y": 5050354.4262,
    "FID": 105,
    "OBJECTID": 105,
    "RANK": 2,
    "NAME": "BERKSHIRE HATHAWAY",
    "ADDRESS": "3555 FARNAM STREET",
    "ADDRESS2": "1440 KIEWIT PLAZA",
    "CITY": "OMAHA",
    "STATE": "NE",
    "ZIP": "68131",
    "COUNTY": "DOUGLAS",
    "EMPLOYEES": 367700,
    "REVENUES": 223604,
    "LATITUDE": 41.2572,
    "LONGITUDE": -95.9656,
    "SOURCE": "BING MAPS",
    "PRC": "ADDRESS",
    "COUNTYFIPS": "00055",
    "COMMENTS": "NOT AVAILABLE",
    "WEBSITE": "HTTP://WWW.BERKSHIREHATHAWAY.COM/",
    "PROFIT": 24074,
    "deal_amount": 635261,
    "rep_id": 5,
    "rep_name": "Christian Bergqvist",
    "date": "2020-03-13",
    "client_name": "BERKSHIRE HATHAWAY",
    "city": "OMAHA",
    "color": "#80B1D3",
    "is_closed": 1
  },
  {
    "X": -8999298.0671,
    "Y": 4194777.9377,
    "FID": 284,
    "OBJECTID": 284,
    "RANK": 26,
    "NAME": "BANK OF AMERICA CORP.",
    "ADDRESS": "100 NORTH TRYON STREET",
    "ADDRESS2": "NOT AVAILABLE",
    "CITY": "CHARLOTTE",
    "STATE": "NC",
    "ZIP": "28255",
    "COUNTY": "MECKLENBURG",
    "EMPLOYEES": 208024,
    "REVENUES": 93662,
    "LATITUDE": 35.227,
    "LONGITUDE": -80.8421,
    "SOURCE": "BING MAPS",
    "PRC": "ADDRESS",
    "COUNTYFIPS": "37119",
    "COMMENTS": "NOT AVAILABLE",
    "WEBSITE": "HTTPS://WWW.BANKOFAMERICA.COM/",
    "PROFIT": 17906,
    "deal_amount": 637987,
    "rep_id": 5,
    "rep_name": "Christian Bergqvist",
    "date": "2020-02-12",
    "client_name": "BANK OF AMERICA CORP.",
    "city": "CHARLOTTE",
    "color": "#80B1D3",
    "is_closed": 1
  },
  {
    "X": -13584364.2157,
    "Y": 4485452.6934,
    "FID": 441,
    "OBJECTID": 441,
    "RANK": 3,
    "NAME": "APPLE",
    "ADDRESS": "1 INFINITE LOOP",
    "ADDRESS2": "NOT AVAILABLE",
    "CITY": "CUPERTINO",
    "STATE": "CA",
    "ZIP": "95014",
    "COUNTY": "SANTA CLARA",
    "EMPLOYEES": 116000,
    "REVENUES": 215639,
    "LATITUDE": 37.3318,
    "LONGITUDE": -122.0304,
    "SOURCE": "BING MAPS",
    "PRC": "ADDRESS",
    "COUNTYFIPS": "06085",
    "COMMENTS": "NOT AVAILABLE",
    "WEBSITE": "HTTPS://WWW.APPLE.COM/",
    "PROFIT": 45687,
    "deal_amount": 462902,
    "rep_id": 5,
    "rep_name": "Christian Bergqvist",
    "date": "2020-03-20",
    "client_name": "APPLE",
    "city": "CUPERTINO",
    "color": "#80B1D3",
    "is_closed": 1
  },
  {
    "X": -13590364.3362,
    "Y": 4498095.324,
    "FID": 434,
    "OBJECTID": 434,
    "RANK": 27,
    "NAME": "ALPHABET",
    "ADDRESS": "1600 AMPHITHEATRE PARKWAY",
    "ADDRESS2": "NOT AVAILABLE",
    "CITY": "MOUNTAIN VIEW",
    "STATE": "CA",
    "ZIP": "94043",
    "COUNTY": "SANTA CLARA",
    "EMPLOYEES": 72053,
    "REVENUES": 90272,
    "LATITUDE": 37.422,
    "LONGITUDE": -122.0843,
    "SOURCE": "BING MAPS",
    "PRC": "ADDRESS",
    "COUNTYFIPS": "06085",
    "COMMENTS": "NOT AVAILABLE",
    "WEBSITE": "HTTPS://ABC.XYZ/",
    "PROFIT": 19478,
    "deal_amount": 680900,
    "rep_id": 5,
    "rep_name": "Christian Bergqvist",
    "date": "2020-07-31",
    "client_name": "ALPHABET",
    "city": "MOUNTAIN VIEW",
    "color": "#80B1D3",
    "is_closed": 0
  },
  {
    "X": -8286952.4003,
    "Y": 4938582.2461,
    "FID": 493,
    "OBJECTID": 493,
    "RANK": 35,
    "NAME": "JOHNSON & JOHNSON",
    "ADDRESS": "1 JOHNSON AND JOHNSON PLAZA",
    "ADDRESS2": "NOT AVAILABLE",
    "CITY": "NEW BRUNSWICK",
    "STATE": "NJ",
    "ZIP": "08933",
    "COUNTY": "MIDDLESEX",
    "EMPLOYEES": 126400,
    "REVENUES": 71890,
    "LATITUDE": 40.498,
    "LONGITUDE": -74.443,
    "SOURCE": "MANUAL",
    "PRC": "ON-ENTITY",
    "COUNTYFIPS": "34023",
    "COMMENTS": "NOT AVAILABLE",
    "WEBSITE": "HTTPS://WWW.JNJ.COM/",
    "PROFIT": 16540,
    "deal_amount": 640617,
    "rep_id": 5,
    "rep_name": "Christian Bergqvist",
    "date": "2020-01-26",
    "client_name": "JOHNSON & JOHNSON",
    "city": "NEW BRUNSWICK",
    "color": "#80B1D3",
    "is_closed": 0
  },
  {
    "X": -13590364.3362,
    "Y": 4498095.324,
    "FID": 434,
    "OBJECTID": 434,
    "RANK": 27,
    "NAME": "ALPHABET",
    "ADDRESS": "1600 AMPHITHEATRE PARKWAY",
    "ADDRESS2": "NOT AVAILABLE",
    "CITY": "MOUNTAIN VIEW",
    "STATE": "CA",
    "ZIP": "94043",
    "COUNTY": "SANTA CLARA",
    "EMPLOYEES": 72053,
    "REVENUES": 90272,
    "LATITUDE": 37.422,
    "LONGITUDE": -122.0843,
    "SOURCE": "BING MAPS",
    "PRC": "ADDRESS",
    "COUNTYFIPS": "06085",
    "COMMENTS": "NOT AVAILABLE",
    "WEBSITE": "HTTPS://ABC.XYZ/",
    "PROFIT": 19478,
    "deal_amount": 623011,
    "rep_id": 5,
    "rep_name": "Christian Bergqvist",
    "date": "2020-02-26",
    "client_name": "ALPHABET",
    "city": "MOUNTAIN VIEW",
    "color": "#80B1D3",
    "is_closed": 1
  },
  {
    "X": -8234473.0528,
    "Y": 4976860.4146,
    "FID": 341,
    "OBJECTID": 341,
    "RANK": 30,
    "NAME": "CITIGROUP",
    "ADDRESS": "399 PARK AVENUE",
    "ADDRESS2": "NOT AVAILABLE",
    "CITY": "NEW YORK",
    "STATE": "NY",
    "ZIP": "10022",
    "COUNTY": "NEW YORK",
    "EMPLOYEES": 219000,
    "REVENUES": 82386,
    "LATITUDE": 40.759,
    "LONGITUDE": -73.9715,
    "SOURCE": "BING MAPS",
    "PRC": "ADDRESS",
    "COUNTYFIPS": "36061",
    "COMMENTS": "NOT AVAILABLE",
    "WEBSITE": "HTTPS://WWW.CITIGROUP.COM/CITI/",
    "PROFIT": 14912,
    "deal_amount": 470372,
    "rep_id": 5,
    "rep_name": "Christian Bergqvist",
    "date": "2020-09-01",
    "client_name": "CITIGROUP",
    "city": "NEW YORK",
    "color": "#80B1D3",
    "is_closed": 0
  },
  {
    "X": -10682837.2729,
    "Y": 5050354.4262,
    "FID": 105,
    "OBJECTID": 105,
    "RANK": 2,
    "NAME": "BERKSHIRE HATHAWAY",
    "ADDRESS": "3555 FARNAM STREET",
    "ADDRESS2": "1440 KIEWIT PLAZA",
    "CITY": "OMAHA",
    "STATE": "NE",
    "ZIP": "68131",
    "COUNTY": "DOUGLAS",
    "EMPLOYEES": 367700,
    "REVENUES": 223604,
    "LATITUDE": 41.2572,
    "LONGITUDE": -95.9656,
    "SOURCE": "BING MAPS",
    "PRC": "ADDRESS",
    "COUNTYFIPS": "00055",
    "COMMENTS": "NOT AVAILABLE",
    "WEBSITE": "HTTP://WWW.BERKSHIREHATHAWAY.COM/",
    "PROFIT": 24074,
    "deal_amount": 556628,
    "rep_id": 5,
    "rep_name": "Christian Bergqvist",
    "date": "2020-11-18",
    "client_name": "BERKSHIRE HATHAWAY",
    "city": "OMAHA",
    "color": "#80B1D3",
    "is_closed": 0
  },
  {
    "X": -13590364.3362,
    "Y": 4498095.324,
    "FID": 434,
    "OBJECTID": 434,
    "RANK": 27,
    "NAME": "ALPHABET",
    "ADDRESS": "1600 AMPHITHEATRE PARKWAY",
    "ADDRESS2": "NOT AVAILABLE",
    "CITY": "MOUNTAIN VIEW",
    "STATE": "CA",
    "ZIP": "94043",
    "COUNTY": "SANTA CLARA",
    "EMPLOYEES": 72053,
    "REVENUES": 90272,
    "LATITUDE": 37.422,
    "LONGITUDE": -122.0843,
    "SOURCE": "BING MAPS",
    "PRC": "ADDRESS",
    "COUNTYFIPS": "06085",
    "COMMENTS": "NOT AVAILABLE",
    "WEBSITE": "HTTPS://ABC.XYZ/",
    "PROFIT": 19478,
    "deal_amount": 923450,
    "rep_id": 5,
    "rep_name": "Christian Bergqvist",
    "date": "2020-09-20",
    "client_name": "ALPHABET",
    "city": "MOUNTAIN VIEW",
    "color": "#80B1D3",
    "is_closed": 0
  },
  {
    "X": -13590364.3362,
    "Y": 4498095.324,
    "FID": 434,
    "OBJECTID": 434,
    "RANK": 27,
    "NAME": "ALPHABET",
    "ADDRESS": "1600 AMPHITHEATRE PARKWAY",
    "ADDRESS2": "NOT AVAILABLE",
    "CITY": "MOUNTAIN VIEW",
    "STATE": "CA",
    "ZIP": "94043",
    "COUNTY": "SANTA CLARA",
    "EMPLOYEES": 72053,
    "REVENUES": 90272,
    "LATITUDE": 37.422,
    "LONGITUDE": -122.0843,
    "SOURCE": "BING MAPS",
    "PRC": "ADDRESS",
    "COUNTYFIPS": "06085",
    "COMMENTS": "NOT AVAILABLE",
    "WEBSITE": "HTTPS://ABC.XYZ/",
    "PROFIT": 19478,
    "deal_amount": 695015,
    "rep_id": 6,
    "rep_name": "Valentina Lovric",
    "date": "2020-07-28",
    "client_name": "ALPHABET",
    "city": "MOUNTAIN VIEW",
    "color": "#FDB462",
    "is_closed": 0
  },
  {
    "X": -8234473.0528,
    "Y": 4976860.4146,
    "FID": 341,
    "OBJECTID": 341,
    "RANK": 30,
    "NAME": "CITIGROUP",
    "ADDRESS": "399 PARK AVENUE",
    "ADDRESS2": "NOT AVAILABLE",
    "CITY": "NEW YORK",
    "STATE": "NY",
    "ZIP": "10022",
    "COUNTY": "NEW YORK",
    "EMPLOYEES": 219000,
    "REVENUES": 82386,
    "LATITUDE": 40.759,
    "LONGITUDE": -73.9715,
    "SOURCE": "BING MAPS",
    "PRC": "ADDRESS",
    "COUNTYFIPS": "36061",
    "COMMENTS": "NOT AVAILABLE",
    "WEBSITE": "HTTPS://WWW.CITIGROUP.COM/CITI/",
    "PROFIT": 14912,
    "deal_amount": 428798,
    "rep_id": 6,
    "rep_name": "Valentina Lovric",
    "date": "2020-09-23",
    "client_name": "CITIGROUP",
    "city": "NEW YORK",
    "color": "#FDB462",
    "is_closed": 1
  },
  {
    "X": -13590364.3362,
    "Y": 4498095.324,
    "FID": 434,
    "OBJECTID": 434,
    "RANK": 27,
    "NAME": "ALPHABET",
    "ADDRESS": "1600 AMPHITHEATRE PARKWAY",
    "ADDRESS2": "NOT AVAILABLE",
    "CITY": "MOUNTAIN VIEW",
    "STATE": "CA",
    "ZIP": "94043",
    "COUNTY": "SANTA CLARA",
    "EMPLOYEES": 72053,
    "REVENUES": 90272,
    "LATITUDE": 37.422,
    "LONGITUDE": -122.0843,
    "SOURCE": "BING MAPS",
    "PRC": "ADDRESS",
    "COUNTYFIPS": "06085",
    "COMMENTS": "NOT AVAILABLE",
    "WEBSITE": "HTTPS://ABC.XYZ/",
    "PROFIT": 19478,
    "deal_amount": 894807,
    "rep_id": 6,
    "rep_name": "Valentina Lovric",
    "date": "2020-01-01",
    "client_name": "ALPHABET",
    "city": "MOUNTAIN VIEW",
    "color": "#FDB462",
    "is_closed": 0
  },
  {
    "X": -13584364.2157,
    "Y": 4485452.6934,
    "FID": 441,
    "OBJECTID": 441,
    "RANK": 3,
    "NAME": "APPLE",
    "ADDRESS": "1 INFINITE LOOP",
    "ADDRESS2": "NOT AVAILABLE",
    "CITY": "CUPERTINO",
    "STATE": "CA",
    "ZIP": "95014",
    "COUNTY": "SANTA CLARA",
    "EMPLOYEES": 116000,
    "REVENUES": 215639,
    "LATITUDE": 37.3318,
    "LONGITUDE": -122.0304,
    "SOURCE": "BING MAPS",
    "PRC": "ADDRESS",
    "COUNTYFIPS": "06085",
    "COMMENTS": "NOT AVAILABLE",
    "WEBSITE": "HTTPS://WWW.APPLE.COM/",
    "PROFIT": 45687,
    "deal_amount": 535598,
    "rep_id": 6,
    "rep_name": "Valentina Lovric",
    "date": "2020-09-22",
    "client_name": "APPLE",
    "city": "CUPERTINO",
    "color": "#FDB462",
    "is_closed": 1
  },
  {
    "X": -13625772.8399,
    "Y": 4550281.1327,
    "FID": 425,
    "OBJECTID": 425,
    "RANK": 25,
    "NAME": "WELLS FARGO",
    "ADDRESS": "420 MONTGOMERY STREET",
    "ADDRESS2": "NOT AVAILABLE",
    "CITY": "SAN FRANCISCO",
    "STATE": "CA",
    "ZIP": "94163",
    "COUNTY": "SAN FRANCISCO",
    "EMPLOYEES": 269100,
    "REVENUES": 94176,
    "LATITUDE": 37.7934,
    "LONGITUDE": -122.4024,
    "SOURCE": "BING MAPS",
    "PRC": "ADDRESS",
    "COUNTYFIPS": "06075",
    "COMMENTS": "NOT AVAILABLE",
    "WEBSITE": "HTTPS://WWW.WELLSFARGO.COM/",
    "PROFIT": 21938,
    "deal_amount": 784364,
    "rep_id": 6,
    "rep_name": "Valentina Lovric",
    "date": "2020-10-22",
    "client_name": "WELLS FARGO",
    "city": "SAN FRANCISCO",
    "color": "#FDB462",
    "is_closed": 0
  },
  {
    "X": -13595427.1467,
    "Y": 6047179.531,
    "FID": 234,
    "OBJECTID": 234,
    "RANK": 28,
    "NAME": "MICROSOFT",
    "ADDRESS": "1 MICROSOFT WAY",
    "ADDRESS2": "NOT AVAILABLE",
    "CITY": "REDMOND",
    "STATE": "WA",
    "ZIP": "98052",
    "COUNTY": "KING",
    "EMPLOYEES": 114000,
    "REVENUES": 85320,
    "LATITUDE": 47.6401,
    "LONGITUDE": -122.1298,
    "SOURCE": "BING MAPS",
    "PRC": "ADDRESS",
    "COUNTYFIPS": "53033",
    "COMMENTS": "NOT AVAILABLE",
    "WEBSITE": "HTTPS://WWW.MICROSOFT.COM/EN-US/",
    "PROFIT": 16798,
    "deal_amount": 689907,
    "rep_id": 6,
    "rep_name": "Valentina Lovric",
    "date": "2020-05-05",
    "client_name": "MICROSOFT",
    "city": "REDMOND",
    "color": "#FDB462",
    "is_closed": 1
  },
  {
    "X": -8629185.2505,
    "Y": 4523106.04,
    "FID": 217,
    "OBJECTID": 217,
    "RANK": 148,
    "NAME": "ALTRIA GROUP",
    "ADDRESS": "6601 WEST BROAD STREET",
    "ADDRESS2": "NOT AVAILABLE",
    "CITY": "RICHMOND",
    "STATE": "VA",
    "ZIP": "23230",
    "COUNTY": "HENRICO",
    "EMPLOYEES": 8300,
    "REVENUES": 19337,
    "LATITUDE": 37.6002,
    "LONGITUDE": -77.5173,
    "SOURCE": "BING MAPS",
    "PRC": "ADDRESS",
    "COUNTYFIPS": "51087",
    "COMMENTS": "NOT AVAILABLE",
    "WEBSITE": "HTTP://WWW.ALTRIA.COM/PAGES/DEFAULT.ASPX",
    "PROFIT": 14239,
    "deal_amount": 961528,
    "rep_id": 6,
    "rep_name": "Valentina Lovric",
    "date": "2020-07-04",
    "client_name": "ALTRIA GROUP",
    "city": "RICHMOND",
    "color": "#FDB462",
    "is_closed": 1
  },
  {
    "X": -8286952.4003,
    "Y": 4938582.2461,
    "FID": 493,
    "OBJECTID": 493,
    "RANK": 35,
    "NAME": "JOHNSON & JOHNSON",
    "ADDRESS": "1 JOHNSON AND JOHNSON PLAZA",
    "ADDRESS2": "NOT AVAILABLE",
    "CITY": "NEW BRUNSWICK",
    "STATE": "NJ",
    "ZIP": "08933",
    "COUNTY": "MIDDLESEX",
    "EMPLOYEES": 126400,
    "REVENUES": 71890,
    "LATITUDE": 40.498,
    "LONGITUDE": -74.443,
    "SOURCE": "MANUAL",
    "PRC": "ON-ENTITY",
    "COUNTYFIPS": "34023",
    "COMMENTS": "NOT AVAILABLE",
    "WEBSITE": "HTTPS://WWW.JNJ.COM/",
    "PROFIT": 16540,
    "deal_amount": 667487,
    "rep_id": 6,
    "rep_name": "Valentina Lovric",
    "date": "2020-02-17",
    "client_name": "JOHNSON & JOHNSON",
    "city": "NEW BRUNSWICK",
    "color": "#FDB462",
    "is_closed": 0
  },
  {
    "X": -13584364.2157,
    "Y": 4485452.6934,
    "FID": 441,
    "OBJECTID": 441,
    "RANK": 3,
    "NAME": "APPLE",
    "ADDRESS": "1 INFINITE LOOP",
    "ADDRESS2": "NOT AVAILABLE",
    "CITY": "CUPERTINO",
    "STATE": "CA",
    "ZIP": "95014",
    "COUNTY": "SANTA CLARA",
    "EMPLOYEES": 116000,
    "REVENUES": 215639,
    "LATITUDE": 37.3318,
    "LONGITUDE": -122.0304,
    "SOURCE": "BING MAPS",
    "PRC": "ADDRESS",
    "COUNTYFIPS": "06085",
    "COMMENTS": "NOT AVAILABLE",
    "WEBSITE": "HTTPS://WWW.APPLE.COM/",
    "PROFIT": 45687,
    "deal_amount": 869373,
    "rep_id": 6,
    "rep_name": "Valentina Lovric",
    "date": "2020-05-15",
    "client_name": "APPLE",
    "city": "CUPERTINO",
    "color": "#FDB462",
    "is_closed": 1
  },
  {
    "X": -10682837.2729,
    "Y": 5050354.4262,
    "FID": 105,
    "OBJECTID": 105,
    "RANK": 2,
    "NAME": "BERKSHIRE HATHAWAY",
    "ADDRESS": "3555 FARNAM STREET",
    "ADDRESS2": "1440 KIEWIT PLAZA",
    "CITY": "OMAHA",
    "STATE": "NE",
    "ZIP": "68131",
    "COUNTY": "DOUGLAS",
    "EMPLOYEES": 367700,
    "REVENUES": 223604,
    "LATITUDE": 41.2572,
    "LONGITUDE": -95.9656,
    "SOURCE": "BING MAPS",
    "PRC": "ADDRESS",
    "COUNTYFIPS": "00055",
    "COMMENTS": "NOT AVAILABLE",
    "WEBSITE": "HTTP://WWW.BERKSHIREHATHAWAY.COM/",
    "PROFIT": 24074,
    "deal_amount": 680806,
    "rep_id": 6,
    "rep_name": "Valentina Lovric",
    "date": "2020-02-15",
    "client_name": "BERKSHIRE HATHAWAY",
    "city": "OMAHA",
    "color": "#FDB462",
    "is_closed": 1
  },
  {
    "X": -13590364.3362,
    "Y": 4498095.324,
    "FID": 434,
    "OBJECTID": 434,
    "RANK": 27,
    "NAME": "ALPHABET",
    "ADDRESS": "1600 AMPHITHEATRE PARKWAY",
    "ADDRESS2": "NOT AVAILABLE",
    "CITY": "MOUNTAIN VIEW",
    "STATE": "CA",
    "ZIP": "94043",
    "COUNTY": "SANTA CLARA",
    "EMPLOYEES": 72053,
    "REVENUES": 90272,
    "LATITUDE": 37.422,
    "LONGITUDE": -122.0843,
    "SOURCE": "BING MAPS",
    "PRC": "ADDRESS",
    "COUNTYFIPS": "06085",
    "COMMENTS": "NOT AVAILABLE",
    "WEBSITE": "HTTPS://ABC.XYZ/",
    "PROFIT": 19478,
    "deal_amount": 600618,
    "rep_id": 6,
    "rep_name": "Valentina Lovric",
    "date": "2020-08-01",
    "client_name": "ALPHABET",
    "city": "MOUNTAIN VIEW",
    "color": "#FDB462",
    "is_closed": 1
  },
  {
    "X": -13625772.8399,
    "Y": 4550281.1327,
    "FID": 425,
    "OBJECTID": 425,
    "RANK": 25,
    "NAME": "WELLS FARGO",
    "ADDRESS": "420 MONTGOMERY STREET",
    "ADDRESS2": "NOT AVAILABLE",
    "CITY": "SAN FRANCISCO",
    "STATE": "CA",
    "ZIP": "94163",
    "COUNTY": "SAN FRANCISCO",
    "EMPLOYEES": 269100,
    "REVENUES": 94176,
    "LATITUDE": 37.7934,
    "LONGITUDE": -122.4024,
    "SOURCE": "BING MAPS",
    "PRC": "ADDRESS",
    "COUNTYFIPS": "06075",
    "COMMENTS": "NOT AVAILABLE",
    "WEBSITE": "HTTPS://WWW.WELLSFARGO.COM/",
    "PROFIT": 21938,
    "deal_amount": 486163,
    "rep_id": 6,
    "rep_name": "Valentina Lovric",
    "date": "2020-02-29",
    "client_name": "WELLS FARGO",
    "city": "SAN FRANCISCO",
    "color": "#FDB462",
    "is_closed": 0
  },
  {
    "X": -8999298.0671,
    "Y": 4194777.9377,
    "FID": 284,
    "OBJECTID": 284,
    "RANK": 26,
    "NAME": "BANK OF AMERICA CORP.",
    "ADDRESS": "100 NORTH TRYON STREET",
    "ADDRESS2": "NOT AVAILABLE",
    "CITY": "CHARLOTTE",
    "STATE": "NC",
    "ZIP": "28255",
    "COUNTY": "MECKLENBURG",
    "EMPLOYEES": 208024,
    "REVENUES": 93662,
    "LATITUDE": 35.227,
    "LONGITUDE": -80.8421,
    "SOURCE": "BING MAPS",
    "PRC": "ADDRESS",
    "COUNTYFIPS": "37119",
    "COMMENTS": "NOT AVAILABLE",
    "WEBSITE": "HTTPS://WWW.BANKOFAMERICA.COM/",
    "PROFIT": 17906,
    "deal_amount": 401611,
    "rep_id": 6,
    "rep_name": "Valentina Lovric",
    "date": "2020-02-06",
    "client_name": "BANK OF AMERICA CORP.",
    "city": "CHARLOTTE",
    "color": "#FDB462",
    "is_closed": 0
  },
  {
    "X": -8286952.4003,
    "Y": 4938582.2461,
    "FID": 493,
    "OBJECTID": 493,
    "RANK": 35,
    "NAME": "JOHNSON & JOHNSON",
    "ADDRESS": "1 JOHNSON AND JOHNSON PLAZA",
    "ADDRESS2": "NOT AVAILABLE",
    "CITY": "NEW BRUNSWICK",
    "STATE": "NJ",
    "ZIP": "08933",
    "COUNTY": "MIDDLESEX",
    "EMPLOYEES": 126400,
    "REVENUES": 71890,
    "LATITUDE": 40.498,
    "LONGITUDE": -74.443,
    "SOURCE": "MANUAL",
    "PRC": "ON-ENTITY",
    "COUNTYFIPS": "34023",
    "COMMENTS": "NOT AVAILABLE",
    "WEBSITE": "HTTPS://WWW.JNJ.COM/",
    "PROFIT": 16540,
    "deal_amount": 393886,
    "rep_id": 6,
    "rep_name": "Valentina Lovric",
    "date": "2020-09-02",
    "client_name": "JOHNSON & JOHNSON",
    "city": "NEW BRUNSWICK",
    "color": "#FDB462",
    "is_closed": 1
  },
  {
    "X": -8234473.0528,
    "Y": 4976860.4146,
    "FID": 341,
    "OBJECTID": 341,
    "RANK": 30,
    "NAME": "CITIGROUP",
    "ADDRESS": "399 PARK AVENUE",
    "ADDRESS2": "NOT AVAILABLE",
    "CITY": "NEW YORK",
    "STATE": "NY",
    "ZIP": "10022",
    "COUNTY": "NEW YORK",
    "EMPLOYEES": 219000,
    "REVENUES": 82386,
    "LATITUDE": 40.759,
    "LONGITUDE": -73.9715,
    "SOURCE": "BING MAPS",
    "PRC": "ADDRESS",
    "COUNTYFIPS": "36061",
    "COMMENTS": "NOT AVAILABLE",
    "WEBSITE": "HTTPS://WWW.CITIGROUP.COM/CITI/",
    "PROFIT": 14912,
    "deal_amount": 640400,
    "rep_id": 6,
    "rep_name": "Valentina Lovric",
    "date": "2020-11-26",
    "client_name": "CITIGROUP",
    "city": "NEW YORK",
    "color": "#FDB462",
    "is_closed": 1
  },
  {
    "X": -13595427.1467,
    "Y": 6047179.531,
    "FID": 234,
    "OBJECTID": 234,
    "RANK": 28,
    "NAME": "MICROSOFT",
    "ADDRESS": "1 MICROSOFT WAY",
    "ADDRESS2": "NOT AVAILABLE",
    "CITY": "REDMOND",
    "STATE": "WA",
    "ZIP": "98052",
    "COUNTY": "KING",
    "EMPLOYEES": 114000,
    "REVENUES": 85320,
    "LATITUDE": 47.6401,
    "LONGITUDE": -122.1298,
    "SOURCE": "BING MAPS",
    "PRC": "ADDRESS",
    "COUNTYFIPS": "53033",
    "COMMENTS": "NOT AVAILABLE",
    "WEBSITE": "HTTPS://WWW.MICROSOFT.COM/EN-US/",
    "PROFIT": 16798,
    "deal_amount": 327620,
    "rep_id": 6,
    "rep_name": "Valentina Lovric",
    "date": "2020-04-06",
    "client_name": "MICROSOFT",
    "city": "REDMOND",
    "color": "#FDB462",
    "is_closed": 0
  },
  {
    "X": -8234473.0528,
    "Y": 4976860.4146,
    "FID": 341,
    "OBJECTID": 341,
    "RANK": 30,
    "NAME": "CITIGROUP",
    "ADDRESS": "399 PARK AVENUE",
    "ADDRESS2": "NOT AVAILABLE",
    "CITY": "NEW YORK",
    "STATE": "NY",
    "ZIP": "10022",
    "COUNTY": "NEW YORK",
    "EMPLOYEES": 219000,
    "REVENUES": 82386,
    "LATITUDE": 40.759,
    "LONGITUDE": -73.9715,
    "SOURCE": "BING MAPS",
    "PRC": "ADDRESS",
    "COUNTYFIPS": "36061",
    "COMMENTS": "NOT AVAILABLE",
    "WEBSITE": "HTTPS://WWW.CITIGROUP.COM/CITI/",
    "PROFIT": 14912,
    "deal_amount": 664351,
    "rep_id": 7,
    "rep_name": "Maor Sharett",
    "date": "2020-04-26",
    "client_name": "CITIGROUP",
    "city": "NEW YORK",
    "color": "#B3DE69",
    "is_closed": 1
  },
  {
    "X": -10682837.2729,
    "Y": 5050354.4262,
    "FID": 105,
    "OBJECTID": 105,
    "RANK": 2,
    "NAME": "BERKSHIRE HATHAWAY",
    "ADDRESS": "3555 FARNAM STREET",
    "ADDRESS2": "1440 KIEWIT PLAZA",
    "CITY": "OMAHA",
    "STATE": "NE",
    "ZIP": "68131",
    "COUNTY": "DOUGLAS",
    "EMPLOYEES": 367700,
    "REVENUES": 223604,
    "LATITUDE": 41.2572,
    "LONGITUDE": -95.9656,
    "SOURCE": "BING MAPS",
    "PRC": "ADDRESS",
    "COUNTYFIPS": "00055",
    "COMMENTS": "NOT AVAILABLE",
    "WEBSITE": "HTTP://WWW.BERKSHIREHATHAWAY.COM/",
    "PROFIT": 24074,
    "deal_amount": 656437,
    "rep_id": 7,
    "rep_name": "Maor Sharett",
    "date": "2020-05-19",
    "client_name": "BERKSHIRE HATHAWAY",
    "city": "OMAHA",
    "color": "#B3DE69",
    "is_closed": 0
  },
  {
    "X": -13625772.8399,
    "Y": 4550281.1327,
    "FID": 425,
    "OBJECTID": 425,
    "RANK": 25,
    "NAME": "WELLS FARGO",
    "ADDRESS": "420 MONTGOMERY STREET",
    "ADDRESS2": "NOT AVAILABLE",
    "CITY": "SAN FRANCISCO",
    "STATE": "CA",
    "ZIP": "94163",
    "COUNTY": "SAN FRANCISCO",
    "EMPLOYEES": 269100,
    "REVENUES": 94176,
    "LATITUDE": 37.7934,
    "LONGITUDE": -122.4024,
    "SOURCE": "BING MAPS",
    "PRC": "ADDRESS",
    "COUNTYFIPS": "06075",
    "COMMENTS": "NOT AVAILABLE",
    "WEBSITE": "HTTPS://WWW.WELLSFARGO.COM/",
    "PROFIT": 21938,
    "deal_amount": 373166,
    "rep_id": 7,
    "rep_name": "Maor Sharett",
    "date": "2020-10-10",
    "client_name": "WELLS FARGO",
    "city": "SAN FRANCISCO",
    "color": "#B3DE69",
    "is_closed": 0
  },
  {
    "X": -8234473.0528,
    "Y": 4976860.4146,
    "FID": 341,
    "OBJECTID": 341,
    "RANK": 30,
    "NAME": "CITIGROUP",
    "ADDRESS": "399 PARK AVENUE",
    "ADDRESS2": "NOT AVAILABLE",
    "CITY": "NEW YORK",
    "STATE": "NY",
    "ZIP": "10022",
    "COUNTY": "NEW YORK",
    "EMPLOYEES": 219000,
    "REVENUES": 82386,
    "LATITUDE": 40.759,
    "LONGITUDE": -73.9715,
    "SOURCE": "BING MAPS",
    "PRC": "ADDRESS",
    "COUNTYFIPS": "36061",
    "COMMENTS": "NOT AVAILABLE",
    "WEBSITE": "HTTPS://WWW.CITIGROUP.COM/CITI/",
    "PROFIT": 14912,
    "deal_amount": 597765,
    "rep_id": 7,
    "rep_name": "Maor Sharett",
    "date": "2020-08-07",
    "client_name": "CITIGROUP",
    "city": "NEW YORK",
    "color": "#B3DE69",
    "is_closed": 0
  },
  {
    "X": -13590364.3362,
    "Y": 4498095.324,
    "FID": 434,
    "OBJECTID": 434,
    "RANK": 27,
    "NAME": "ALPHABET",
    "ADDRESS": "1600 AMPHITHEATRE PARKWAY",
    "ADDRESS2": "NOT AVAILABLE",
    "CITY": "MOUNTAIN VIEW",
    "STATE": "CA",
    "ZIP": "94043",
    "COUNTY": "SANTA CLARA",
    "EMPLOYEES": 72053,
    "REVENUES": 90272,
    "LATITUDE": 37.422,
    "LONGITUDE": -122.0843,
    "SOURCE": "BING MAPS",
    "PRC": "ADDRESS",
    "COUNTYFIPS": "06085",
    "COMMENTS": "NOT AVAILABLE",
    "WEBSITE": "HTTPS://ABC.XYZ/",
    "PROFIT": 19478,
    "deal_amount": 571417,
    "rep_id": 7,
    "rep_name": "Maor Sharett",
    "date": "2020-03-08",
    "client_name": "ALPHABET",
    "city": "MOUNTAIN VIEW",
    "color": "#B3DE69",
    "is_closed": 0
  },
  {
    "X": -8286952.4003,
    "Y": 4938582.2461,
    "FID": 493,
    "OBJECTID": 493,
    "RANK": 35,
    "NAME": "JOHNSON & JOHNSON",
    "ADDRESS": "1 JOHNSON AND JOHNSON PLAZA",
    "ADDRESS2": "NOT AVAILABLE",
    "CITY": "NEW BRUNSWICK",
    "STATE": "NJ",
    "ZIP": "08933",
    "COUNTY": "MIDDLESEX",
    "EMPLOYEES": 126400,
    "REVENUES": 71890,
    "LATITUDE": 40.498,
    "LONGITUDE": -74.443,
    "SOURCE": "MANUAL",
    "PRC": "ON-ENTITY",
    "COUNTYFIPS": "34023",
    "COMMENTS": "NOT AVAILABLE",
    "WEBSITE": "HTTPS://WWW.JNJ.COM/",
    "PROFIT": 16540,
    "deal_amount": 711138,
    "rep_id": 7,
    "rep_name": "Maor Sharett",
    "date": "2020-05-28",
    "client_name": "JOHNSON & JOHNSON",
    "city": "NEW BRUNSWICK",
    "color": "#B3DE69",
    "is_closed": 0
  },
  {
    "X": -10682837.2729,
    "Y": 5050354.4262,
    "FID": 105,
    "OBJECTID": 105,
    "RANK": 2,
    "NAME": "BERKSHIRE HATHAWAY",
    "ADDRESS": "3555 FARNAM STREET",
    "ADDRESS2": "1440 KIEWIT PLAZA",
    "CITY": "OMAHA",
    "STATE": "NE",
    "ZIP": "68131",
    "COUNTY": "DOUGLAS",
    "EMPLOYEES": 367700,
    "REVENUES": 223604,
    "LATITUDE": 41.2572,
    "LONGITUDE": -95.9656,
    "SOURCE": "BING MAPS",
    "PRC": "ADDRESS",
    "COUNTYFIPS": "00055",
    "COMMENTS": "NOT AVAILABLE",
    "WEBSITE": "HTTP://WWW.BERKSHIREHATHAWAY.COM/",
    "PROFIT": 24074,
    "deal_amount": 316299,
    "rep_id": 7,
    "rep_name": "Maor Sharett",
    "date": "2020-03-15",
    "client_name": "BERKSHIRE HATHAWAY",
    "city": "OMAHA",
    "color": "#B3DE69",
    "is_closed": 0
  },
  {
    "X": -8234473.0528,
    "Y": 4976860.4146,
    "FID": 341,
    "OBJECTID": 341,
    "RANK": 30,
    "NAME": "CITIGROUP",
    "ADDRESS": "399 PARK AVENUE",
    "ADDRESS2": "NOT AVAILABLE",
    "CITY": "NEW YORK",
    "STATE": "NY",
    "ZIP": "10022",
    "COUNTY": "NEW YORK",
    "EMPLOYEES": 219000,
    "REVENUES": 82386,
    "LATITUDE": 40.759,
    "LONGITUDE": -73.9715,
    "SOURCE": "BING MAPS",
    "PRC": "ADDRESS",
    "COUNTYFIPS": "36061",
    "COMMENTS": "NOT AVAILABLE",
    "WEBSITE": "HTTPS://WWW.CITIGROUP.COM/CITI/",
    "PROFIT": 14912,
    "deal_amount": 474390,
    "rep_id": 7,
    "rep_name": "Maor Sharett",
    "date": "2020-07-26",
    "client_name": "CITIGROUP",
    "city": "NEW YORK",
    "color": "#B3DE69",
    "is_closed": 1
  },
  {
    "X": -13584364.2157,
    "Y": 4485452.6934,
    "FID": 441,
    "OBJECTID": 441,
    "RANK": 3,
    "NAME": "APPLE",
    "ADDRESS": "1 INFINITE LOOP",
    "ADDRESS2": "NOT AVAILABLE",
    "CITY": "CUPERTINO",
    "STATE": "CA",
    "ZIP": "95014",
    "COUNTY": "SANTA CLARA",
    "EMPLOYEES": 116000,
    "REVENUES": 215639,
    "LATITUDE": 37.3318,
    "LONGITUDE": -122.0304,
    "SOURCE": "BING MAPS",
    "PRC": "ADDRESS",
    "COUNTYFIPS": "06085",
    "COMMENTS": "NOT AVAILABLE",
    "WEBSITE": "HTTPS://WWW.APPLE.COM/",
    "PROFIT": 45687,
    "deal_amount": 946837,
    "rep_id": 7,
    "rep_name": "Maor Sharett",
    "date": "2020-11-24",
    "client_name": "APPLE",
    "city": "CUPERTINO",
    "color": "#B3DE69",
    "is_closed": 0
  },
  {
    "X": -8999298.0671,
    "Y": 4194777.9377,
    "FID": 284,
    "OBJECTID": 284,
    "RANK": 26,
    "NAME": "BANK OF AMERICA CORP.",
    "ADDRESS": "100 NORTH TRYON STREET",
    "ADDRESS2": "NOT AVAILABLE",
    "CITY": "CHARLOTTE",
    "STATE": "NC",
    "ZIP": "28255",
    "COUNTY": "MECKLENBURG",
    "EMPLOYEES": 208024,
    "REVENUES": 93662,
    "LATITUDE": 35.227,
    "LONGITUDE": -80.8421,
    "SOURCE": "BING MAPS",
    "PRC": "ADDRESS",
    "COUNTYFIPS": "37119",
    "COMMENTS": "NOT AVAILABLE",
    "WEBSITE": "HTTPS://WWW.BANKOFAMERICA.COM/",
    "PROFIT": 17906,
    "deal_amount": 427950,
    "rep_id": 7,
    "rep_name": "Maor Sharett",
    "date": "2020-12-22",
    "client_name": "BANK OF AMERICA CORP.",
    "city": "CHARLOTTE",
    "color": "#B3DE69",
    "is_closed": 0
  },
  {
    "X": -8629185.2505,
    "Y": 4523106.04,
    "FID": 217,
    "OBJECTID": 217,
    "RANK": 148,
    "NAME": "ALTRIA GROUP",
    "ADDRESS": "6601 WEST BROAD STREET",
    "ADDRESS2": "NOT AVAILABLE",
    "CITY": "RICHMOND",
    "STATE": "VA",
    "ZIP": "23230",
    "COUNTY": "HENRICO",
    "EMPLOYEES": 8300,
    "REVENUES": 19337,
    "LATITUDE": 37.6002,
    "LONGITUDE": -77.5173,
    "SOURCE": "BING MAPS",
    "PRC": "ADDRESS",
    "COUNTYFIPS": "51087",
    "COMMENTS": "NOT AVAILABLE",
    "WEBSITE": "HTTP://WWW.ALTRIA.COM/PAGES/DEFAULT.ASPX",
    "PROFIT": 14239,
    "deal_amount": 384363,
    "rep_id": 7,
    "rep_name": "Maor Sharett",
    "date": "2020-07-13",
    "client_name": "ALTRIA GROUP",
    "city": "RICHMOND",
    "color": "#B3DE69",
    "is_closed": 1
  },
  {
    "X": -13584364.2157,
    "Y": 4485452.6934,
    "FID": 441,
    "OBJECTID": 441,
    "RANK": 3,
    "NAME": "APPLE",
    "ADDRESS": "1 INFINITE LOOP",
    "ADDRESS2": "NOT AVAILABLE",
    "CITY": "CUPERTINO",
    "STATE": "CA",
    "ZIP": "95014",
    "COUNTY": "SANTA CLARA",
    "EMPLOYEES": 116000,
    "REVENUES": 215639,
    "LATITUDE": 37.3318,
    "LONGITUDE": -122.0304,
    "SOURCE": "BING MAPS",
    "PRC": "ADDRESS",
    "COUNTYFIPS": "06085",
    "COMMENTS": "NOT AVAILABLE",
    "WEBSITE": "HTTPS://WWW.APPLE.COM/",
    "PROFIT": 45687,
    "deal_amount": 601319,
    "rep_id": 7,
    "rep_name": "Maor Sharett",
    "date": "2020-12-07",
    "client_name": "APPLE",
    "city": "CUPERTINO",
    "color": "#B3DE69",
    "is_closed": 1
  },
  {
    "X": -10682837.2729,
    "Y": 5050354.4262,
    "FID": 105,
    "OBJECTID": 105,
    "RANK": 2,
    "NAME": "BERKSHIRE HATHAWAY",
    "ADDRESS": "3555 FARNAM STREET",
    "ADDRESS2": "1440 KIEWIT PLAZA",
    "CITY": "OMAHA",
    "STATE": "NE",
    "ZIP": "68131",
    "COUNTY": "DOUGLAS",
    "EMPLOYEES": 367700,
    "REVENUES": 223604,
    "LATITUDE": 41.2572,
    "LONGITUDE": -95.9656,
    "SOURCE": "BING MAPS",
    "PRC": "ADDRESS",
    "COUNTYFIPS": "00055",
    "COMMENTS": "NOT AVAILABLE",
    "WEBSITE": "HTTP://WWW.BERKSHIREHATHAWAY.COM/",
    "PROFIT": 24074,
    "deal_amount": 717545,
    "rep_id": 7,
    "rep_name": "Maor Sharett",
    "date": "2020-06-30",
    "client_name": "BERKSHIRE HATHAWAY",
    "city": "OMAHA",
    "color": "#B3DE69",
    "is_closed": 1
  }
]
